[
  {
    "Year": 2016,
    "WeekNumber": 37,
    "WeekStartDate": "2016-09-12T00:00:00",
    "Category": "beleza saude",
    "Quantity": 3,
    "Revenue": 143.46,
    "OrderCount": 3
  },
  {
    "Year": 2016,
    "WeekNumber": 40,
    "WeekStartDate": "2016-10-03T00:00:00",
    "Category": "automotivo",
    "Quantity": 7,
    "Revenue": 1156.42,
    "OrderCount": 7
  },
  {
    "Year": 2016,
    "WeekNumber": 40,
    "WeekStartDate": "2016-10-03T00:00:00",
    "Category": "beleza saude",
    "Quantity": 34,
    "Revenue": 3614.22,
    "OrderCount": 34
  },
  {
    "Year": 2016,
    "WeekNumber": 40,
    "WeekStartDate": "2016-10-03T00:00:00",
    "Category": "brinquedos",
    "Quantity": 22,
    "Revenue": 4218.88,
    "OrderCount": 22
  },
  {
    "Year": 2016,
    "WeekNumber": 40,
    "WeekStartDate": "2016-10-03T00:00:00",
    "Category": "cama mesa banho",
    "Quantity": 8,
    "Revenue": 606.58,
    "OrderCount": 8
  },
  {
    "Year": 2016,
    "WeekNumber": 40,
    "WeekStartDate": "2016-10-03T00:00:00",
    "Category": "cool stuff",
    "Quantity": 7,
    "Revenue": 1236.88,
    "OrderCount": 7
  },
  {
    "Year": 2016,
    "WeekNumber": 40,
    "WeekStartDate": "2016-10-03T00:00:00",
    "Category": "esporte lazer",
    "Quantity": 14,
    "Revenue": 2303.27,
    "OrderCount": 14
  },
  {
    "Year": 2016,
    "WeekNumber": 40,
    "WeekStartDate": "2016-10-03T00:00:00",
    "Category": "ferramentas jardim",
    "Quantity": 5,
    "Revenue": 1465.19,
    "OrderCount": 5
  },
  {
    "Year": 2016,
    "WeekNumber": 40,
    "WeekStartDate": "2016-10-03T00:00:00",
    "Category": "informatica acessorios",
    "Quantity": 11,
    "Revenue": 828.32,
    "OrderCount": 11
  },
  {
    "Year": 2016,
    "WeekNumber": 40,
    "WeekStartDate": "2016-10-03T00:00:00",
    "Category": "moveis decoracao",
    "Quantity": 56,
    "Revenue": 5507.52,
    "OrderCount": 56
  },
  {
    "Year": 2016,
    "WeekNumber": 40,
    "WeekStartDate": "2016-10-03T00:00:00",
    "Category": "relogios presentes",
    "Quantity": 4,
    "Revenue": 2793.71,
    "OrderCount": 4
  },
  {
    "Year": 2016,
    "WeekNumber": 40,
    "WeekStartDate": "2016-10-03T00:00:00",
    "Category": "telefonia",
    "Quantity": 6,
    "Revenue": 258.97,
    "OrderCount": 6
  },
  {
    "Year": 2016,
    "WeekNumber": 40,
    "WeekStartDate": "2016-10-03T00:00:00",
    "Category": "utilidades domesticas",
    "Quantity": 11,
    "Revenue": 1493.99,
    "OrderCount": 11
  },
  {
    "Year": 2016,
    "WeekNumber": 41,
    "WeekStartDate": "2016-10-10T00:00:00",
    "Category": "automotivo",
    "Quantity": 1,
    "Revenue": 194.85,
    "OrderCount": 1
  },
  {
    "Year": 2016,
    "WeekNumber": 41,
    "WeekStartDate": "2016-10-10T00:00:00",
    "Category": "beleza saude",
    "Quantity": 6,
    "Revenue": 572.07,
    "OrderCount": 6
  },
  {
    "Year": 2016,
    "WeekNumber": 41,
    "WeekStartDate": "2016-10-10T00:00:00",
    "Category": "brinquedos",
    "Quantity": 2,
    "Revenue": 372.65,
    "OrderCount": 2
  },
  {
    "Year": 2016,
    "WeekNumber": 41,
    "WeekStartDate": "2016-10-10T00:00:00",
    "Category": "esporte lazer",
    "Quantity": 3,
    "Revenue": 187.49,
    "OrderCount": 3
  },
  {
    "Year": 2016,
    "WeekNumber": 41,
    "WeekStartDate": "2016-10-10T00:00:00",
    "Category": "informatica acessorios",
    "Quantity": 1,
    "Revenue": 33.52,
    "OrderCount": 1
  },
  {
    "Year": 2016,
    "WeekNumber": 41,
    "WeekStartDate": "2016-10-10T00:00:00",
    "Category": "moveis decoracao",
    "Quantity": 9,
    "Revenue": 1391.83,
    "OrderCount": 9
  },
  {
    "Year": 2016,
    "WeekNumber": 41,
    "WeekStartDate": "2016-10-10T00:00:00",
    "Category": "telefonia",
    "Quantity": 2,
    "Revenue": 75.28,
    "OrderCount": 2
  },
  {
    "Year": 2016,
    "WeekNumber": 41,
    "WeekStartDate": "2016-10-10T00:00:00",
    "Category": "utilidades domesticas",
    "Quantity": 1,
    "Revenue": 48.55,
    "OrderCount": 1
  },
  {
    "Year": 2017,
    "WeekNumber": 1,
    "WeekStartDate": "2017-01-02T00:00:00",
    "Category": "automotivo",
    "Quantity": 2,
    "Revenue": 39.24,
    "OrderCount": 2
  },
  {
    "Year": 2017,
    "WeekNumber": 1,
    "WeekStartDate": "2017-01-02T00:00:00",
    "Category": "beleza saude",
    "Quantity": 2,
    "Revenue": 1056.14,
    "OrderCount": 2
  },
  {
    "Year": 2017,
    "WeekNumber": 1,
    "WeekStartDate": "2017-01-02T00:00:00",
    "Category": "brinquedos",
    "Quantity": 3,
    "Revenue": 243.85,
    "OrderCount": 3
  },
  {
    "Year": 2017,
    "WeekNumber": 1,
    "WeekStartDate": "2017-01-02T00:00:00",
    "Category": "cama mesa banho",
    "Quantity": 1,
    "Revenue": 84.59,
    "OrderCount": 1
  },
  {
    "Year": 2017,
    "WeekNumber": 1,
    "WeekStartDate": "2017-01-02T00:00:00",
    "Category": "cool stuff",
    "Quantity": 2,
    "Revenue": 846.52,
    "OrderCount": 2
  },
  {
    "Year": 2017,
    "WeekNumber": 1,
    "WeekStartDate": "2017-01-02T00:00:00",
    "Category": "ferramentas jardim",
    "Quantity": 2,
    "Revenue": 348.71,
    "OrderCount": 2
  },
  {
    "Year": 2017,
    "WeekNumber": 1,
    "WeekStartDate": "2017-01-02T00:00:00",
    "Category": "moveis decoracao",
    "Quantity": 1,
    "Revenue": 47.83,
    "OrderCount": 1
  },
  {
    "Year": 2017,
    "WeekNumber": 1,
    "WeekStartDate": "2017-01-02T00:00:00",
    "Category": "relogios presentes",
    "Quantity": 1,
    "Revenue": 164.21,
    "OrderCount": 1
  },
  {
    "Year": 2017,
    "WeekNumber": 2,
    "WeekStartDate": "2017-01-09T00:00:00",
    "Category": "beleza saude",
    "Quantity": 3,
    "Revenue": 707.74,
    "OrderCount": 3
  },
  {
    "Year": 2017,
    "WeekNumber": 2,
    "WeekStartDate": "2017-01-09T00:00:00",
    "Category": "brinquedos",
    "Quantity": 2,
    "Revenue": 335.41,
    "OrderCount": 2
  },
  {
    "Year": 2017,
    "WeekNumber": 2,
    "WeekStartDate": "2017-01-09T00:00:00",
    "Category": "cama mesa banho",
    "Quantity": 4,
    "Revenue": 302.81,
    "OrderCount": 4
  },
  {
    "Year": 2017,
    "WeekNumber": 2,
    "WeekStartDate": "2017-01-09T00:00:00",
    "Category": "cool stuff",
    "Quantity": 3,
    "Revenue": 614.00,
    "OrderCount": 3
  },
  {
    "Year": 2017,
    "WeekNumber": 2,
    "WeekStartDate": "2017-01-09T00:00:00",
    "Category": "esporte lazer",
    "Quantity": 7,
    "Revenue": 1013.61,
    "OrderCount": 7
  },
  {
    "Year": 2017,
    "WeekNumber": 2,
    "WeekStartDate": "2017-01-09T00:00:00",
    "Category": "ferramentas jardim",
    "Quantity": 9,
    "Revenue": 3799.18,
    "OrderCount": 9
  },
  {
    "Year": 2017,
    "WeekNumber": 2,
    "WeekStartDate": "2017-01-09T00:00:00",
    "Category": "informatica acessorios",
    "Quantity": 4,
    "Revenue": 471.54,
    "OrderCount": 4
  },
  {
    "Year": 2017,
    "WeekNumber": 2,
    "WeekStartDate": "2017-01-09T00:00:00",
    "Category": "moveis decoracao",
    "Quantity": 31,
    "Revenue": 2369.03,
    "OrderCount": 31
  },
  {
    "Year": 2017,
    "WeekNumber": 2,
    "WeekStartDate": "2017-01-09T00:00:00",
    "Category": "relogios presentes",
    "Quantity": 3,
    "Revenue": 1169.27,
    "OrderCount": 3
  },
  {
    "Year": 2017,
    "WeekNumber": 2,
    "WeekStartDate": "2017-01-09T00:00:00",
    "Category": "telefonia",
    "Quantity": 3,
    "Revenue": 71.47,
    "OrderCount": 3
  },
  {
    "Year": 2017,
    "WeekNumber": 2,
    "WeekStartDate": "2017-01-09T00:00:00",
    "Category": "utilidades domesticas",
    "Quantity": 2,
    "Revenue": 548.45,
    "OrderCount": 2
  },
  {
    "Year": 2017,
    "WeekNumber": 3,
    "WeekStartDate": "2017-01-16T00:00:00",
    "Category": "automotivo",
    "Quantity": 11,
    "Revenue": 2038.51,
    "OrderCount": 11
  },
  {
    "Year": 2017,
    "WeekNumber": 3,
    "WeekStartDate": "2017-01-16T00:00:00",
    "Category": "beleza saude",
    "Quantity": 18,
    "Revenue": 3798.02,
    "OrderCount": 18
  },
  {
    "Year": 2017,
    "WeekNumber": 3,
    "WeekStartDate": "2017-01-16T00:00:00",
    "Category": "brinquedos",
    "Quantity": 11,
    "Revenue": 1017.33,
    "OrderCount": 11
  },
  {
    "Year": 2017,
    "WeekNumber": 3,
    "WeekStartDate": "2017-01-16T00:00:00",
    "Category": "cama mesa banho",
    "Quantity": 11,
    "Revenue": 1341.23,
    "OrderCount": 11
  },
  {
    "Year": 2017,
    "WeekNumber": 3,
    "WeekStartDate": "2017-01-16T00:00:00",
    "Category": "cool stuff",
    "Quantity": 6,
    "Revenue": 1562.91,
    "OrderCount": 6
  },
  {
    "Year": 2017,
    "WeekNumber": 3,
    "WeekStartDate": "2017-01-16T00:00:00",
    "Category": "esporte lazer",
    "Quantity": 20,
    "Revenue": 2013.21,
    "OrderCount": 20
  },
  {
    "Year": 2017,
    "WeekNumber": 3,
    "WeekStartDate": "2017-01-16T00:00:00",
    "Category": "ferramentas jardim",
    "Quantity": 7,
    "Revenue": 761.56,
    "OrderCount": 7
  },
  {
    "Year": 2017,
    "WeekNumber": 3,
    "WeekStartDate": "2017-01-16T00:00:00",
    "Category": "informatica acessorios",
    "Quantity": 5,
    "Revenue": 418.22,
    "OrderCount": 5
  },
  {
    "Year": 2017,
    "WeekNumber": 3,
    "WeekStartDate": "2017-01-16T00:00:00",
    "Category": "moveis decoracao",
    "Quantity": 68,
    "Revenue": 5768.41,
    "OrderCount": 68
  },
  {
    "Year": 2017,
    "WeekNumber": 3,
    "WeekStartDate": "2017-01-16T00:00:00",
    "Category": "relogios presentes",
    "Quantity": 2,
    "Revenue": 610.63,
    "OrderCount": 2
  },
  {
    "Year": 2017,
    "WeekNumber": 3,
    "WeekStartDate": "2017-01-16T00:00:00",
    "Category": "telefonia",
    "Quantity": 2,
    "Revenue": 52.04,
    "OrderCount": 2
  },
  {
    "Year": 2017,
    "WeekNumber": 3,
    "WeekStartDate": "2017-01-16T00:00:00",
    "Category": "utilidades domesticas",
    "Quantity": 4,
    "Revenue": 764.09,
    "OrderCount": 4
  },
  {
    "Year": 2017,
    "WeekNumber": 4,
    "WeekStartDate": "2017-01-23T00:00:00",
    "Category": "automotivo",
    "Quantity": 12,
    "Revenue": 2506.37,
    "OrderCount": 12
  },
  {
    "Year": 2017,
    "WeekNumber": 4,
    "WeekStartDate": "2017-01-23T00:00:00",
    "Category": "beleza saude",
    "Quantity": 44,
    "Revenue": 5486.63,
    "OrderCount": 44
  },
  {
    "Year": 2017,
    "WeekNumber": 4,
    "WeekStartDate": "2017-01-23T00:00:00",
    "Category": "brinquedos",
    "Quantity": 22,
    "Revenue": 3188.70,
    "OrderCount": 22
  },
  {
    "Year": 2017,
    "WeekNumber": 4,
    "WeekStartDate": "2017-01-23T00:00:00",
    "Category": "cama mesa banho",
    "Quantity": 17,
    "Revenue": 1534.17,
    "OrderCount": 17
  },
  {
    "Year": 2017,
    "WeekNumber": 4,
    "WeekStartDate": "2017-01-23T00:00:00",
    "Category": "cool stuff",
    "Quantity": 21,
    "Revenue": 3795.93,
    "OrderCount": 21
  },
  {
    "Year": 2017,
    "WeekNumber": 4,
    "WeekStartDate": "2017-01-23T00:00:00",
    "Category": "esporte lazer",
    "Quantity": 39,
    "Revenue": 6623.53,
    "OrderCount": 39
  },
  {
    "Year": 2017,
    "WeekNumber": 4,
    "WeekStartDate": "2017-01-23T00:00:00",
    "Category": "ferramentas jardim",
    "Quantity": 19,
    "Revenue": 2640.09,
    "OrderCount": 19
  },
  {
    "Year": 2017,
    "WeekNumber": 4,
    "WeekStartDate": "2017-01-23T00:00:00",
    "Category": "informatica acessorios",
    "Quantity": 17,
    "Revenue": 2747.59,
    "OrderCount": 17
  },
  {
    "Year": 2017,
    "WeekNumber": 4,
    "WeekStartDate": "2017-01-23T00:00:00",
    "Category": "moveis decoracao",
    "Quantity": 56,
    "Revenue": 5584.91,
    "OrderCount": 56
  },
  {
    "Year": 2017,
    "WeekNumber": 4,
    "WeekStartDate": "2017-01-23T00:00:00",
    "Category": "relogios presentes",
    "Quantity": 3,
    "Revenue": 2890.49,
    "OrderCount": 3
  },
  {
    "Year": 2017,
    "WeekNumber": 4,
    "WeekStartDate": "2017-01-23T00:00:00",
    "Category": "telefonia",
    "Quantity": 9,
    "Revenue": 450.74,
    "OrderCount": 9
  },
  {
    "Year": 2017,
    "WeekNumber": 4,
    "WeekStartDate": "2017-01-23T00:00:00",
    "Category": "utilidades domesticas",
    "Quantity": 19,
    "Revenue": 1685.36,
    "OrderCount": 19
  },
  {
    "Year": 2017,
    "WeekNumber": 5,
    "WeekStartDate": "2017-01-30T00:00:00",
    "Category": "automotivo",
    "Quantity": 16,
    "Revenue": 2468.11,
    "OrderCount": 16
  },
  {
    "Year": 2017,
    "WeekNumber": 5,
    "WeekStartDate": "2017-01-30T00:00:00",
    "Category": "beleza saude",
    "Quantity": 62,
    "Revenue": 12478.12,
    "OrderCount": 62
  },
  {
    "Year": 2017,
    "WeekNumber": 5,
    "WeekStartDate": "2017-01-30T00:00:00",
    "Category": "brinquedos",
    "Quantity": 15,
    "Revenue": 2952.47,
    "OrderCount": 15
  },
  {
    "Year": 2017,
    "WeekNumber": 5,
    "WeekStartDate": "2017-01-30T00:00:00",
    "Category": "cama mesa banho",
    "Quantity": 33,
    "Revenue": 3694.76,
    "OrderCount": 33
  },
  {
    "Year": 2017,
    "WeekNumber": 5,
    "WeekStartDate": "2017-01-30T00:00:00",
    "Category": "cool stuff",
    "Quantity": 22,
    "Revenue": 4382.08,
    "OrderCount": 22
  },
  {
    "Year": 2017,
    "WeekNumber": 5,
    "WeekStartDate": "2017-01-30T00:00:00",
    "Category": "esporte lazer",
    "Quantity": 35,
    "Revenue": 4822.16,
    "OrderCount": 35
  },
  {
    "Year": 2017,
    "WeekNumber": 5,
    "WeekStartDate": "2017-01-30T00:00:00",
    "Category": "ferramentas jardim",
    "Quantity": 28,
    "Revenue": 2027.04,
    "OrderCount": 28
  },
  {
    "Year": 2017,
    "WeekNumber": 5,
    "WeekStartDate": "2017-01-30T00:00:00",
    "Category": "informatica acessorios",
    "Quantity": 18,
    "Revenue": 1883.65,
    "OrderCount": 18
  },
  {
    "Year": 2017,
    "WeekNumber": 5,
    "WeekStartDate": "2017-01-30T00:00:00",
    "Category": "moveis decoracao",
    "Quantity": 69,
    "Revenue": 7698.92,
    "OrderCount": 69
  },
  {
    "Year": 2017,
    "WeekNumber": 5,
    "WeekStartDate": "2017-01-30T00:00:00",
    "Category": "relogios presentes",
    "Quantity": 10,
    "Revenue": 4988.27,
    "OrderCount": 10
  },
  {
    "Year": 2017,
    "WeekNumber": 5,
    "WeekStartDate": "2017-01-30T00:00:00",
    "Category": "telefonia",
    "Quantity": 26,
    "Revenue": 2735.10,
    "OrderCount": 26
  },
  {
    "Year": 2017,
    "WeekNumber": 5,
    "WeekStartDate": "2017-01-30T00:00:00",
    "Category": "utilidades domesticas",
    "Quantity": 5,
    "Revenue": 391.88,
    "OrderCount": 5
  },
  {
    "Year": 2017,
    "WeekNumber": 6,
    "WeekStartDate": "2017-02-06T00:00:00",
    "Category": "automotivo",
    "Quantity": 33,
    "Revenue": 5838.71,
    "OrderCount": 33
  },
  {
    "Year": 2017,
    "WeekNumber": 6,
    "WeekStartDate": "2017-02-06T00:00:00",
    "Category": "beleza saude",
    "Quantity": 45,
    "Revenue": 5324.50,
    "OrderCount": 45
  },
  {
    "Year": 2017,
    "WeekNumber": 6,
    "WeekStartDate": "2017-02-06T00:00:00",
    "Category": "brinquedos",
    "Quantity": 21,
    "Revenue": 3856.88,
    "OrderCount": 21
  },
  {
    "Year": 2017,
    "WeekNumber": 6,
    "WeekStartDate": "2017-02-06T00:00:00",
    "Category": "cama mesa banho",
    "Quantity": 45,
    "Revenue": 5048.70,
    "OrderCount": 45
  },
  {
    "Year": 2017,
    "WeekNumber": 6,
    "WeekStartDate": "2017-02-06T00:00:00",
    "Category": "cool stuff",
    "Quantity": 18,
    "Revenue": 4019.30,
    "OrderCount": 18
  },
  {
    "Year": 2017,
    "WeekNumber": 6,
    "WeekStartDate": "2017-02-06T00:00:00",
    "Category": "esporte lazer",
    "Quantity": 58,
    "Revenue": 5468.70,
    "OrderCount": 58
  },
  {
    "Year": 2017,
    "WeekNumber": 6,
    "WeekStartDate": "2017-02-06T00:00:00",
    "Category": "ferramentas jardim",
    "Quantity": 12,
    "Revenue": 2729.76,
    "OrderCount": 12
  },
  {
    "Year": 2017,
    "WeekNumber": 6,
    "WeekStartDate": "2017-02-06T00:00:00",
    "Category": "informatica acessorios",
    "Quantity": 26,
    "Revenue": 6258.97,
    "OrderCount": 26
  },
  {
    "Year": 2017,
    "WeekNumber": 6,
    "WeekStartDate": "2017-02-06T00:00:00",
    "Category": "moveis decoracao",
    "Quantity": 58,
    "Revenue": 6120.72,
    "OrderCount": 58
  },
  {
    "Year": 2017,
    "WeekNumber": 6,
    "WeekStartDate": "2017-02-06T00:00:00",
    "Category": "relogios presentes",
    "Quantity": 7,
    "Revenue": 5001.40,
    "OrderCount": 7
  },
  {
    "Year": 2017,
    "WeekNumber": 6,
    "WeekStartDate": "2017-02-06T00:00:00",
    "Category": "telefonia",
    "Quantity": 32,
    "Revenue": 3051.97,
    "OrderCount": 32
  },
  {
    "Year": 2017,
    "WeekNumber": 6,
    "WeekStartDate": "2017-02-06T00:00:00",
    "Category": "utilidades domesticas",
    "Quantity": 26,
    "Revenue": 8914.72,
    "OrderCount": 26
  },
  {
    "Year": 2017,
    "WeekNumber": 7,
    "WeekStartDate": "2017-02-13T00:00:00",
    "Category": "automotivo",
    "Quantity": 21,
    "Revenue": 3696.51,
    "OrderCount": 21
  },
  {
    "Year": 2017,
    "WeekNumber": 7,
    "WeekStartDate": "2017-02-13T00:00:00",
    "Category": "beleza saude",
    "Quantity": 24,
    "Revenue": 5022.12,
    "OrderCount": 24
  },
  {
    "Year": 2017,
    "WeekNumber": 7,
    "WeekStartDate": "2017-02-13T00:00:00",
    "Category": "brinquedos",
    "Quantity": 17,
    "Revenue": 2284.54,
    "OrderCount": 17
  },
  {
    "Year": 2017,
    "WeekNumber": 7,
    "WeekStartDate": "2017-02-13T00:00:00",
    "Category": "cama mesa banho",
    "Quantity": 47,
    "Revenue": 5667.06,
    "OrderCount": 47
  },
  {
    "Year": 2017,
    "WeekNumber": 7,
    "WeekStartDate": "2017-02-13T00:00:00",
    "Category": "cool stuff",
    "Quantity": 17,
    "Revenue": 2426.00,
    "OrderCount": 17
  },
  {
    "Year": 2017,
    "WeekNumber": 7,
    "WeekStartDate": "2017-02-13T00:00:00",
    "Category": "esporte lazer",
    "Quantity": 23,
    "Revenue": 4211.30,
    "OrderCount": 23
  },
  {
    "Year": 2017,
    "WeekNumber": 7,
    "WeekStartDate": "2017-02-13T00:00:00",
    "Category": "ferramentas jardim",
    "Quantity": 25,
    "Revenue": 5090.50,
    "OrderCount": 25
  },
  {
    "Year": 2017,
    "WeekNumber": 7,
    "WeekStartDate": "2017-02-13T00:00:00",
    "Category": "informatica acessorios",
    "Quantity": 29,
    "Revenue": 3096.67,
    "OrderCount": 29
  },
  {
    "Year": 2017,
    "WeekNumber": 7,
    "WeekStartDate": "2017-02-13T00:00:00",
    "Category": "moveis decoracao",
    "Quantity": 63,
    "Revenue": 6014.17,
    "OrderCount": 63
  },
  {
    "Year": 2017,
    "WeekNumber": 7,
    "WeekStartDate": "2017-02-13T00:00:00",
    "Category": "relogios presentes",
    "Quantity": 3,
    "Revenue": 802.74,
    "OrderCount": 3
  },
  {
    "Year": 2017,
    "WeekNumber": 7,
    "WeekStartDate": "2017-02-13T00:00:00",
    "Category": "telefonia",
    "Quantity": 27,
    "Revenue": 1544.49,
    "OrderCount": 27
  },
  {
    "Year": 2017,
    "WeekNumber": 7,
    "WeekStartDate": "2017-02-13T00:00:00",
    "Category": "utilidades domesticas",
    "Quantity": 18,
    "Revenue": 2248.97,
    "OrderCount": 18
  },
  {
    "Year": 2017,
    "WeekNumber": 8,
    "WeekStartDate": "2017-02-20T00:00:00",
    "Category": "automotivo",
    "Quantity": 18,
    "Revenue": 2934.85,
    "OrderCount": 18
  },
  {
    "Year": 2017,
    "WeekNumber": 8,
    "WeekStartDate": "2017-02-20T00:00:00",
    "Category": "beleza saude",
    "Quantity": 36,
    "Revenue": 5042.39,
    "OrderCount": 36
  },
  {
    "Year": 2017,
    "WeekNumber": 8,
    "WeekStartDate": "2017-02-20T00:00:00",
    "Category": "brinquedos",
    "Quantity": 12,
    "Revenue": 961.27,
    "OrderCount": 12
  },
  {
    "Year": 2017,
    "WeekNumber": 8,
    "WeekStartDate": "2017-02-20T00:00:00",
    "Category": "cama mesa banho",
    "Quantity": 33,
    "Revenue": 3831.74,
    "OrderCount": 33
  },
  {
    "Year": 2017,
    "WeekNumber": 8,
    "WeekStartDate": "2017-02-20T00:00:00",
    "Category": "cool stuff",
    "Quantity": 12,
    "Revenue": 2174.16,
    "OrderCount": 12
  },
  {
    "Year": 2017,
    "WeekNumber": 8,
    "WeekStartDate": "2017-02-20T00:00:00",
    "Category": "esporte lazer",
    "Quantity": 29,
    "Revenue": 4040.39,
    "OrderCount": 29
  },
  {
    "Year": 2017,
    "WeekNumber": 8,
    "WeekStartDate": "2017-02-20T00:00:00",
    "Category": "ferramentas jardim",
    "Quantity": 17,
    "Revenue": 3758.23,
    "OrderCount": 17
  },
  {
    "Year": 2017,
    "WeekNumber": 8,
    "WeekStartDate": "2017-02-20T00:00:00",
    "Category": "informatica acessorios",
    "Quantity": 29,
    "Revenue": 2327.54,
    "OrderCount": 29
  },
  {
    "Year": 2017,
    "WeekNumber": 8,
    "WeekStartDate": "2017-02-20T00:00:00",
    "Category": "moveis decoracao",
    "Quantity": 68,
    "Revenue": 5999.40,
    "OrderCount": 68
  },
  {
    "Year": 2017,
    "WeekNumber": 8,
    "WeekStartDate": "2017-02-20T00:00:00",
    "Category": "relogios presentes",
    "Quantity": 8,
    "Revenue": 1181.89,
    "OrderCount": 8
  },
  {
    "Year": 2017,
    "WeekNumber": 8,
    "WeekStartDate": "2017-02-20T00:00:00",
    "Category": "telefonia",
    "Quantity": 26,
    "Revenue": 1371.36,
    "OrderCount": 26
  },
  {
    "Year": 2017,
    "WeekNumber": 8,
    "WeekStartDate": "2017-02-20T00:00:00",
    "Category": "utilidades domesticas",
    "Quantity": 18,
    "Revenue": 1057.77,
    "OrderCount": 18
  },
  {
    "Year": 2017,
    "WeekNumber": 9,
    "WeekStartDate": "2017-02-27T00:00:00",
    "Category": "automotivo",
    "Quantity": 10,
    "Revenue": 1394.72,
    "OrderCount": 10
  },
  {
    "Year": 2017,
    "WeekNumber": 9,
    "WeekStartDate": "2017-02-27T00:00:00",
    "Category": "beleza saude",
    "Quantity": 30,
    "Revenue": 3723.30,
    "OrderCount": 30
  },
  {
    "Year": 2017,
    "WeekNumber": 9,
    "WeekStartDate": "2017-02-27T00:00:00",
    "Category": "brinquedos",
    "Quantity": 23,
    "Revenue": 2957.24,
    "OrderCount": 23
  },
  {
    "Year": 2017,
    "WeekNumber": 9,
    "WeekStartDate": "2017-02-27T00:00:00",
    "Category": "cama mesa banho",
    "Quantity": 54,
    "Revenue": 6295.27,
    "OrderCount": 54
  },
  {
    "Year": 2017,
    "WeekNumber": 9,
    "WeekStartDate": "2017-02-27T00:00:00",
    "Category": "cool stuff",
    "Quantity": 23,
    "Revenue": 5673.79,
    "OrderCount": 23
  },
  {
    "Year": 2017,
    "WeekNumber": 9,
    "WeekStartDate": "2017-02-27T00:00:00",
    "Category": "esporte lazer",
    "Quantity": 44,
    "Revenue": 9565.09,
    "OrderCount": 44
  },
  {
    "Year": 2017,
    "WeekNumber": 9,
    "WeekStartDate": "2017-02-27T00:00:00",
    "Category": "ferramentas jardim",
    "Quantity": 17,
    "Revenue": 4303.37,
    "OrderCount": 17
  },
  {
    "Year": 2017,
    "WeekNumber": 9,
    "WeekStartDate": "2017-02-27T00:00:00",
    "Category": "informatica acessorios",
    "Quantity": 23,
    "Revenue": 3157.92,
    "OrderCount": 23
  },
  {
    "Year": 2017,
    "WeekNumber": 9,
    "WeekStartDate": "2017-02-27T00:00:00",
    "Category": "moveis decoracao",
    "Quantity": 103,
    "Revenue": 7974.84,
    "OrderCount": 103
  },
  {
    "Year": 2017,
    "WeekNumber": 9,
    "WeekStartDate": "2017-02-27T00:00:00",
    "Category": "relogios presentes",
    "Quantity": 16,
    "Revenue": 5459.29,
    "OrderCount": 16
  },
  {
    "Year": 2017,
    "WeekNumber": 9,
    "WeekStartDate": "2017-02-27T00:00:00",
    "Category": "telefonia",
    "Quantity": 21,
    "Revenue": 942.35,
    "OrderCount": 21
  },
  {
    "Year": 2017,
    "WeekNumber": 9,
    "WeekStartDate": "2017-02-27T00:00:00",
    "Category": "utilidades domesticas",
    "Quantity": 29,
    "Revenue": 2400.19,
    "OrderCount": 29
  },
  {
    "Year": 2017,
    "WeekNumber": 10,
    "WeekStartDate": "2017-03-06T00:00:00",
    "Category": "automotivo",
    "Quantity": 20,
    "Revenue": 4256.10,
    "OrderCount": 20
  },
  {
    "Year": 2017,
    "WeekNumber": 10,
    "WeekStartDate": "2017-03-06T00:00:00",
    "Category": "beleza saude",
    "Quantity": 42,
    "Revenue": 6483.96,
    "OrderCount": 42
  },
  {
    "Year": 2017,
    "WeekNumber": 10,
    "WeekStartDate": "2017-03-06T00:00:00",
    "Category": "brinquedos",
    "Quantity": 23,
    "Revenue": 3604.50,
    "OrderCount": 23
  },
  {
    "Year": 2017,
    "WeekNumber": 10,
    "WeekStartDate": "2017-03-06T00:00:00",
    "Category": "cama mesa banho",
    "Quantity": 65,
    "Revenue": 7670.94,
    "OrderCount": 65
  },
  {
    "Year": 2017,
    "WeekNumber": 10,
    "WeekStartDate": "2017-03-06T00:00:00",
    "Category": "cool stuff",
    "Quantity": 27,
    "Revenue": 4910.90,
    "OrderCount": 27
  },
  {
    "Year": 2017,
    "WeekNumber": 10,
    "WeekStartDate": "2017-03-06T00:00:00",
    "Category": "esporte lazer",
    "Quantity": 36,
    "Revenue": 4151.02,
    "OrderCount": 36
  },
  {
    "Year": 2017,
    "WeekNumber": 10,
    "WeekStartDate": "2017-03-06T00:00:00",
    "Category": "ferramentas jardim",
    "Quantity": 29,
    "Revenue": 3709.86,
    "OrderCount": 29
  },
  {
    "Year": 2017,
    "WeekNumber": 10,
    "WeekStartDate": "2017-03-06T00:00:00",
    "Category": "informatica acessorios",
    "Quantity": 50,
    "Revenue": 8418.67,
    "OrderCount": 50
  },
  {
    "Year": 2017,
    "WeekNumber": 10,
    "WeekStartDate": "2017-03-06T00:00:00",
    "Category": "moveis decoracao",
    "Quantity": 69,
    "Revenue": 5872.85,
    "OrderCount": 69
  },
  {
    "Year": 2017,
    "WeekNumber": 10,
    "WeekStartDate": "2017-03-06T00:00:00",
    "Category": "relogios presentes",
    "Quantity": 16,
    "Revenue": 3213.19,
    "OrderCount": 16
  },
  {
    "Year": 2017,
    "WeekNumber": 10,
    "WeekStartDate": "2017-03-06T00:00:00",
    "Category": "telefonia",
    "Quantity": 30,
    "Revenue": 1615.73,
    "OrderCount": 30
  },
  {
    "Year": 2017,
    "WeekNumber": 10,
    "WeekStartDate": "2017-03-06T00:00:00",
    "Category": "utilidades domesticas",
    "Quantity": 43,
    "Revenue": 3134.78,
    "OrderCount": 43
  },
  {
    "Year": 2017,
    "WeekNumber": 11,
    "WeekStartDate": "2017-03-13T00:00:00",
    "Category": "automotivo",
    "Quantity": 13,
    "Revenue": 2613.77,
    "OrderCount": 13
  },
  {
    "Year": 2017,
    "WeekNumber": 11,
    "WeekStartDate": "2017-03-13T00:00:00",
    "Category": "beleza saude",
    "Quantity": 50,
    "Revenue": 8492.86,
    "OrderCount": 50
  },
  {
    "Year": 2017,
    "WeekNumber": 11,
    "WeekStartDate": "2017-03-13T00:00:00",
    "Category": "brinquedos",
    "Quantity": 23,
    "Revenue": 2747.64,
    "OrderCount": 23
  },
  {
    "Year": 2017,
    "WeekNumber": 11,
    "WeekStartDate": "2017-03-13T00:00:00",
    "Category": "cama mesa banho",
    "Quantity": 57,
    "Revenue": 5865.88,
    "OrderCount": 57
  },
  {
    "Year": 2017,
    "WeekNumber": 11,
    "WeekStartDate": "2017-03-13T00:00:00",
    "Category": "cool stuff",
    "Quantity": 29,
    "Revenue": 5474.39,
    "OrderCount": 29
  },
  {
    "Year": 2017,
    "WeekNumber": 11,
    "WeekStartDate": "2017-03-13T00:00:00",
    "Category": "esporte lazer",
    "Quantity": 37,
    "Revenue": 6080.22,
    "OrderCount": 37
  },
  {
    "Year": 2017,
    "WeekNumber": 11,
    "WeekStartDate": "2017-03-13T00:00:00",
    "Category": "ferramentas jardim",
    "Quantity": 50,
    "Revenue": 8791.07,
    "OrderCount": 50
  },
  {
    "Year": 2017,
    "WeekNumber": 11,
    "WeekStartDate": "2017-03-13T00:00:00",
    "Category": "informatica acessorios",
    "Quantity": 28,
    "Revenue": 3149.38,
    "OrderCount": 28
  },
  {
    "Year": 2017,
    "WeekNumber": 11,
    "WeekStartDate": "2017-03-13T00:00:00",
    "Category": "moveis decoracao",
    "Quantity": 69,
    "Revenue": 6092.49,
    "OrderCount": 69
  },
  {
    "Year": 2017,
    "WeekNumber": 11,
    "WeekStartDate": "2017-03-13T00:00:00",
    "Category": "relogios presentes",
    "Quantity": 29,
    "Revenue": 11526.63,
    "OrderCount": 29
  },
  {
    "Year": 2017,
    "WeekNumber": 11,
    "WeekStartDate": "2017-03-13T00:00:00",
    "Category": "telefonia",
    "Quantity": 22,
    "Revenue": 1322.44,
    "OrderCount": 22
  },
  {
    "Year": 2017,
    "WeekNumber": 11,
    "WeekStartDate": "2017-03-13T00:00:00",
    "Category": "utilidades domesticas",
    "Quantity": 47,
    "Revenue": 4889.64,
    "OrderCount": 47
  },
  {
    "Year": 2017,
    "WeekNumber": 12,
    "WeekStartDate": "2017-03-20T00:00:00",
    "Category": "automotivo",
    "Quantity": 19,
    "Revenue": 3884.61,
    "OrderCount": 19
  },
  {
    "Year": 2017,
    "WeekNumber": 12,
    "WeekStartDate": "2017-03-20T00:00:00",
    "Category": "beleza saude",
    "Quantity": 56,
    "Revenue": 7305.95,
    "OrderCount": 56
  },
  {
    "Year": 2017,
    "WeekNumber": 12,
    "WeekStartDate": "2017-03-20T00:00:00",
    "Category": "brinquedos",
    "Quantity": 20,
    "Revenue": 3272.32,
    "OrderCount": 20
  },
  {
    "Year": 2017,
    "WeekNumber": 12,
    "WeekStartDate": "2017-03-20T00:00:00",
    "Category": "cama mesa banho",
    "Quantity": 72,
    "Revenue": 7515.36,
    "OrderCount": 72
  },
  {
    "Year": 2017,
    "WeekNumber": 12,
    "WeekStartDate": "2017-03-20T00:00:00",
    "Category": "cool stuff",
    "Quantity": 28,
    "Revenue": 5418.21,
    "OrderCount": 28
  },
  {
    "Year": 2017,
    "WeekNumber": 12,
    "WeekStartDate": "2017-03-20T00:00:00",
    "Category": "esporte lazer",
    "Quantity": 53,
    "Revenue": 6733.02,
    "OrderCount": 53
  },
  {
    "Year": 2017,
    "WeekNumber": 12,
    "WeekStartDate": "2017-03-20T00:00:00",
    "Category": "ferramentas jardim",
    "Quantity": 37,
    "Revenue": 5164.89,
    "OrderCount": 37
  },
  {
    "Year": 2017,
    "WeekNumber": 12,
    "WeekStartDate": "2017-03-20T00:00:00",
    "Category": "informatica acessorios",
    "Quantity": 39,
    "Revenue": 9715.94,
    "OrderCount": 39
  },
  {
    "Year": 2017,
    "WeekNumber": 12,
    "WeekStartDate": "2017-03-20T00:00:00",
    "Category": "moveis decoracao",
    "Quantity": 61,
    "Revenue": 5873.93,
    "OrderCount": 61
  },
  {
    "Year": 2017,
    "WeekNumber": 12,
    "WeekStartDate": "2017-03-20T00:00:00",
    "Category": "relogios presentes",
    "Quantity": 15,
    "Revenue": 4569.03,
    "OrderCount": 15
  },
  {
    "Year": 2017,
    "WeekNumber": 12,
    "WeekStartDate": "2017-03-20T00:00:00",
    "Category": "telefonia",
    "Quantity": 56,
    "Revenue": 3809.12,
    "OrderCount": 56
  },
  {
    "Year": 2017,
    "WeekNumber": 12,
    "WeekStartDate": "2017-03-20T00:00:00",
    "Category": "utilidades domesticas",
    "Quantity": 56,
    "Revenue": 4593.63,
    "OrderCount": 56
  },
  {
    "Year": 2017,
    "WeekNumber": 13,
    "WeekStartDate": "2017-03-27T00:00:00",
    "Category": "automotivo",
    "Quantity": 24,
    "Revenue": 5699.99,
    "OrderCount": 24
  },
  {
    "Year": 2017,
    "WeekNumber": 13,
    "WeekStartDate": "2017-03-27T00:00:00",
    "Category": "beleza saude",
    "Quantity": 44,
    "Revenue": 5247.67,
    "OrderCount": 44
  },
  {
    "Year": 2017,
    "WeekNumber": 13,
    "WeekStartDate": "2017-03-27T00:00:00",
    "Category": "brinquedos",
    "Quantity": 24,
    "Revenue": 3457.62,
    "OrderCount": 24
  },
  {
    "Year": 2017,
    "WeekNumber": 13,
    "WeekStartDate": "2017-03-27T00:00:00",
    "Category": "cama mesa banho",
    "Quantity": 74,
    "Revenue": 7344.93,
    "OrderCount": 74
  },
  {
    "Year": 2017,
    "WeekNumber": 13,
    "WeekStartDate": "2017-03-27T00:00:00",
    "Category": "cool stuff",
    "Quantity": 20,
    "Revenue": 5494.95,
    "OrderCount": 20
  },
  {
    "Year": 2017,
    "WeekNumber": 13,
    "WeekStartDate": "2017-03-27T00:00:00",
    "Category": "esporte lazer",
    "Quantity": 39,
    "Revenue": 4618.29,
    "OrderCount": 39
  },
  {
    "Year": 2017,
    "WeekNumber": 13,
    "WeekStartDate": "2017-03-27T00:00:00",
    "Category": "ferramentas jardim",
    "Quantity": 21,
    "Revenue": 5580.23,
    "OrderCount": 21
  },
  {
    "Year": 2017,
    "WeekNumber": 13,
    "WeekStartDate": "2017-03-27T00:00:00",
    "Category": "informatica acessorios",
    "Quantity": 37,
    "Revenue": 7423.17,
    "OrderCount": 37
  },
  {
    "Year": 2017,
    "WeekNumber": 13,
    "WeekStartDate": "2017-03-27T00:00:00",
    "Category": "moveis decoracao",
    "Quantity": 42,
    "Revenue": 4113.18,
    "OrderCount": 42
  },
  {
    "Year": 2017,
    "WeekNumber": 13,
    "WeekStartDate": "2017-03-27T00:00:00",
    "Category": "relogios presentes",
    "Quantity": 17,
    "Revenue": 6715.04,
    "OrderCount": 17
  },
  {
    "Year": 2017,
    "WeekNumber": 13,
    "WeekStartDate": "2017-03-27T00:00:00",
    "Category": "telefonia",
    "Quantity": 46,
    "Revenue": 3406.11,
    "OrderCount": 46
  },
  {
    "Year": 2017,
    "WeekNumber": 13,
    "WeekStartDate": "2017-03-27T00:00:00",
    "Category": "utilidades domesticas",
    "Quantity": 29,
    "Revenue": 1883.84,
    "OrderCount": 29
  },
  {
    "Year": 2017,
    "WeekNumber": 14,
    "WeekStartDate": "2017-04-03T00:00:00",
    "Category": "automotivo",
    "Quantity": 18,
    "Revenue": 3275.75,
    "OrderCount": 18
  },
  {
    "Year": 2017,
    "WeekNumber": 14,
    "WeekStartDate": "2017-04-03T00:00:00",
    "Category": "beleza saude",
    "Quantity": 37,
    "Revenue": 4141.90,
    "OrderCount": 37
  },
  {
    "Year": 2017,
    "WeekNumber": 14,
    "WeekStartDate": "2017-04-03T00:00:00",
    "Category": "brinquedos",
    "Quantity": 33,
    "Revenue": 3582.19,
    "OrderCount": 33
  },
  {
    "Year": 2017,
    "WeekNumber": 14,
    "WeekStartDate": "2017-04-03T00:00:00",
    "Category": "cama mesa banho",
    "Quantity": 74,
    "Revenue": 6804.87,
    "OrderCount": 74
  },
  {
    "Year": 2017,
    "WeekNumber": 14,
    "WeekStartDate": "2017-04-03T00:00:00",
    "Category": "cool stuff",
    "Quantity": 28,
    "Revenue": 4839.27,
    "OrderCount": 28
  },
  {
    "Year": 2017,
    "WeekNumber": 14,
    "WeekStartDate": "2017-04-03T00:00:00",
    "Category": "esporte lazer",
    "Quantity": 49,
    "Revenue": 6930.21,
    "OrderCount": 49
  },
  {
    "Year": 2017,
    "WeekNumber": 14,
    "WeekStartDate": "2017-04-03T00:00:00",
    "Category": "ferramentas jardim",
    "Quantity": 28,
    "Revenue": 8465.61,
    "OrderCount": 28
  },
  {
    "Year": 2017,
    "WeekNumber": 14,
    "WeekStartDate": "2017-04-03T00:00:00",
    "Category": "informatica acessorios",
    "Quantity": 21,
    "Revenue": 6466.79,
    "OrderCount": 21
  },
  {
    "Year": 2017,
    "WeekNumber": 14,
    "WeekStartDate": "2017-04-03T00:00:00",
    "Category": "moveis decoracao",
    "Quantity": 45,
    "Revenue": 3720.81,
    "OrderCount": 45
  },
  {
    "Year": 2017,
    "WeekNumber": 14,
    "WeekStartDate": "2017-04-03T00:00:00",
    "Category": "relogios presentes",
    "Quantity": 27,
    "Revenue": 8211.41,
    "OrderCount": 27
  },
  {
    "Year": 2017,
    "WeekNumber": 14,
    "WeekStartDate": "2017-04-03T00:00:00",
    "Category": "telefonia",
    "Quantity": 36,
    "Revenue": 2657.06,
    "OrderCount": 36
  },
  {
    "Year": 2017,
    "WeekNumber": 14,
    "WeekStartDate": "2017-04-03T00:00:00",
    "Category": "utilidades domesticas",
    "Quantity": 40,
    "Revenue": 3226.03,
    "OrderCount": 40
  },
  {
    "Year": 2017,
    "WeekNumber": 15,
    "WeekStartDate": "2017-04-10T00:00:00",
    "Category": "automotivo",
    "Quantity": 25,
    "Revenue": 4510.86,
    "OrderCount": 25
  },
  {
    "Year": 2017,
    "WeekNumber": 15,
    "WeekStartDate": "2017-04-10T00:00:00",
    "Category": "beleza saude",
    "Quantity": 35,
    "Revenue": 5670.10,
    "OrderCount": 35
  },
  {
    "Year": 2017,
    "WeekNumber": 15,
    "WeekStartDate": "2017-04-10T00:00:00",
    "Category": "brinquedos",
    "Quantity": 24,
    "Revenue": 2937.98,
    "OrderCount": 24
  },
  {
    "Year": 2017,
    "WeekNumber": 15,
    "WeekStartDate": "2017-04-10T00:00:00",
    "Category": "cama mesa banho",
    "Quantity": 33,
    "Revenue": 3262.42,
    "OrderCount": 33
  },
  {
    "Year": 2017,
    "WeekNumber": 15,
    "WeekStartDate": "2017-04-10T00:00:00",
    "Category": "cool stuff",
    "Quantity": 29,
    "Revenue": 5367.21,
    "OrderCount": 29
  },
  {
    "Year": 2017,
    "WeekNumber": 15,
    "WeekStartDate": "2017-04-10T00:00:00",
    "Category": "esporte lazer",
    "Quantity": 39,
    "Revenue": 4149.56,
    "OrderCount": 39
  },
  {
    "Year": 2017,
    "WeekNumber": 15,
    "WeekStartDate": "2017-04-10T00:00:00",
    "Category": "ferramentas jardim",
    "Quantity": 30,
    "Revenue": 3891.90,
    "OrderCount": 30
  },
  {
    "Year": 2017,
    "WeekNumber": 15,
    "WeekStartDate": "2017-04-10T00:00:00",
    "Category": "informatica acessorios",
    "Quantity": 25,
    "Revenue": 3075.98,
    "OrderCount": 25
  },
  {
    "Year": 2017,
    "WeekNumber": 15,
    "WeekStartDate": "2017-04-10T00:00:00",
    "Category": "moveis decoracao",
    "Quantity": 29,
    "Revenue": 4500.68,
    "OrderCount": 29
  },
  {
    "Year": 2017,
    "WeekNumber": 15,
    "WeekStartDate": "2017-04-10T00:00:00",
    "Category": "relogios presentes",
    "Quantity": 12,
    "Revenue": 4081.69,
    "OrderCount": 12
  },
  {
    "Year": 2017,
    "WeekNumber": 15,
    "WeekStartDate": "2017-04-10T00:00:00",
    "Category": "telefonia",
    "Quantity": 22,
    "Revenue": 1036.10,
    "OrderCount": 22
  },
  {
    "Year": 2017,
    "WeekNumber": 15,
    "WeekStartDate": "2017-04-10T00:00:00",
    "Category": "utilidades domesticas",
    "Quantity": 23,
    "Revenue": 2317.22,
    "OrderCount": 23
  },
  {
    "Year": 2017,
    "WeekNumber": 16,
    "WeekStartDate": "2017-04-17T00:00:00",
    "Category": "automotivo",
    "Quantity": 16,
    "Revenue": 2545.31,
    "OrderCount": 16
  },
  {
    "Year": 2017,
    "WeekNumber": 16,
    "WeekStartDate": "2017-04-17T00:00:00",
    "Category": "beleza saude",
    "Quantity": 44,
    "Revenue": 7002.28,
    "OrderCount": 44
  },
  {
    "Year": 2017,
    "WeekNumber": 16,
    "WeekStartDate": "2017-04-17T00:00:00",
    "Category": "brinquedos",
    "Quantity": 22,
    "Revenue": 3363.23,
    "OrderCount": 22
  },
  {
    "Year": 2017,
    "WeekNumber": 16,
    "WeekStartDate": "2017-04-17T00:00:00",
    "Category": "cama mesa banho",
    "Quantity": 76,
    "Revenue": 7690.14,
    "OrderCount": 76
  },
  {
    "Year": 2017,
    "WeekNumber": 16,
    "WeekStartDate": "2017-04-17T00:00:00",
    "Category": "cool stuff",
    "Quantity": 23,
    "Revenue": 5220.41,
    "OrderCount": 23
  },
  {
    "Year": 2017,
    "WeekNumber": 16,
    "WeekStartDate": "2017-04-17T00:00:00",
    "Category": "esporte lazer",
    "Quantity": 45,
    "Revenue": 6738.88,
    "OrderCount": 45
  },
  {
    "Year": 2017,
    "WeekNumber": 16,
    "WeekStartDate": "2017-04-17T00:00:00",
    "Category": "ferramentas jardim",
    "Quantity": 22,
    "Revenue": 3623.52,
    "OrderCount": 22
  },
  {
    "Year": 2017,
    "WeekNumber": 16,
    "WeekStartDate": "2017-04-17T00:00:00",
    "Category": "informatica acessorios",
    "Quantity": 36,
    "Revenue": 6268.43,
    "OrderCount": 36
  },
  {
    "Year": 2017,
    "WeekNumber": 16,
    "WeekStartDate": "2017-04-17T00:00:00",
    "Category": "moveis decoracao",
    "Quantity": 54,
    "Revenue": 6572.39,
    "OrderCount": 54
  },
  {
    "Year": 2017,
    "WeekNumber": 16,
    "WeekStartDate": "2017-04-17T00:00:00",
    "Category": "relogios presentes",
    "Quantity": 23,
    "Revenue": 3587.97,
    "OrderCount": 23
  },
  {
    "Year": 2017,
    "WeekNumber": 16,
    "WeekStartDate": "2017-04-17T00:00:00",
    "Category": "telefonia",
    "Quantity": 32,
    "Revenue": 2196.40,
    "OrderCount": 32
  },
  {
    "Year": 2017,
    "WeekNumber": 16,
    "WeekStartDate": "2017-04-17T00:00:00",
    "Category": "utilidades domesticas",
    "Quantity": 27,
    "Revenue": 2662.89,
    "OrderCount": 27
  },
  {
    "Year": 2017,
    "WeekNumber": 17,
    "WeekStartDate": "2017-04-24T00:00:00",
    "Category": "automotivo",
    "Quantity": 18,
    "Revenue": 4603.76,
    "OrderCount": 18
  },
  {
    "Year": 2017,
    "WeekNumber": 17,
    "WeekStartDate": "2017-04-24T00:00:00",
    "Category": "beleza saude",
    "Quantity": 52,
    "Revenue": 6915.63,
    "OrderCount": 52
  },
  {
    "Year": 2017,
    "WeekNumber": 17,
    "WeekStartDate": "2017-04-24T00:00:00",
    "Category": "brinquedos",
    "Quantity": 27,
    "Revenue": 4293.57,
    "OrderCount": 27
  },
  {
    "Year": 2017,
    "WeekNumber": 17,
    "WeekStartDate": "2017-04-24T00:00:00",
    "Category": "cama mesa banho",
    "Quantity": 57,
    "Revenue": 7701.83,
    "OrderCount": 57
  },
  {
    "Year": 2017,
    "WeekNumber": 17,
    "WeekStartDate": "2017-04-24T00:00:00",
    "Category": "cool stuff",
    "Quantity": 30,
    "Revenue": 5485.67,
    "OrderCount": 30
  },
  {
    "Year": 2017,
    "WeekNumber": 17,
    "WeekStartDate": "2017-04-24T00:00:00",
    "Category": "esporte lazer",
    "Quantity": 63,
    "Revenue": 8436.61,
    "OrderCount": 63
  },
  {
    "Year": 2017,
    "WeekNumber": 17,
    "WeekStartDate": "2017-04-24T00:00:00",
    "Category": "ferramentas jardim",
    "Quantity": 24,
    "Revenue": 3689.13,
    "OrderCount": 24
  },
  {
    "Year": 2017,
    "WeekNumber": 17,
    "WeekStartDate": "2017-04-24T00:00:00",
    "Category": "informatica acessorios",
    "Quantity": 47,
    "Revenue": 4563.45,
    "OrderCount": 47
  },
  {
    "Year": 2017,
    "WeekNumber": 17,
    "WeekStartDate": "2017-04-24T00:00:00",
    "Category": "moveis decoracao",
    "Quantity": 54,
    "Revenue": 7605.56,
    "OrderCount": 54
  },
  {
    "Year": 2017,
    "WeekNumber": 17,
    "WeekStartDate": "2017-04-24T00:00:00",
    "Category": "relogios presentes",
    "Quantity": 26,
    "Revenue": 6772.70,
    "OrderCount": 26
  },
  {
    "Year": 2017,
    "WeekNumber": 17,
    "WeekStartDate": "2017-04-24T00:00:00",
    "Category": "telefonia",
    "Quantity": 45,
    "Revenue": 2971.17,
    "OrderCount": 45
  },
  {
    "Year": 2017,
    "WeekNumber": 17,
    "WeekStartDate": "2017-04-24T00:00:00",
    "Category": "utilidades domesticas",
    "Quantity": 76,
    "Revenue": 7158.82,
    "OrderCount": 76
  },
  {
    "Year": 2017,
    "WeekNumber": 18,
    "WeekStartDate": "2017-05-01T00:00:00",
    "Category": "automotivo",
    "Quantity": 21,
    "Revenue": 2915.70,
    "OrderCount": 21
  },
  {
    "Year": 2017,
    "WeekNumber": 18,
    "WeekStartDate": "2017-05-01T00:00:00",
    "Category": "beleza saude",
    "Quantity": 70,
    "Revenue": 11031.76,
    "OrderCount": 70
  },
  {
    "Year": 2017,
    "WeekNumber": 18,
    "WeekStartDate": "2017-05-01T00:00:00",
    "Category": "brinquedos",
    "Quantity": 36,
    "Revenue": 5090.67,
    "OrderCount": 36
  },
  {
    "Year": 2017,
    "WeekNumber": 18,
    "WeekStartDate": "2017-05-01T00:00:00",
    "Category": "cama mesa banho",
    "Quantity": 66,
    "Revenue": 6647.96,
    "OrderCount": 66
  },
  {
    "Year": 2017,
    "WeekNumber": 18,
    "WeekStartDate": "2017-05-01T00:00:00",
    "Category": "cool stuff",
    "Quantity": 45,
    "Revenue": 7577.13,
    "OrderCount": 45
  },
  {
    "Year": 2017,
    "WeekNumber": 18,
    "WeekStartDate": "2017-05-01T00:00:00",
    "Category": "esporte lazer",
    "Quantity": 78,
    "Revenue": 10780.28,
    "OrderCount": 78
  },
  {
    "Year": 2017,
    "WeekNumber": 18,
    "WeekStartDate": "2017-05-01T00:00:00",
    "Category": "ferramentas jardim",
    "Quantity": 40,
    "Revenue": 9162.83,
    "OrderCount": 40
  },
  {
    "Year": 2017,
    "WeekNumber": 18,
    "WeekStartDate": "2017-05-01T00:00:00",
    "Category": "informatica acessorios",
    "Quantity": 42,
    "Revenue": 5777.05,
    "OrderCount": 42
  },
  {
    "Year": 2017,
    "WeekNumber": 18,
    "WeekStartDate": "2017-05-01T00:00:00",
    "Category": "moveis decoracao",
    "Quantity": 60,
    "Revenue": 5421.82,
    "OrderCount": 60
  },
  {
    "Year": 2017,
    "WeekNumber": 18,
    "WeekStartDate": "2017-05-01T00:00:00",
    "Category": "relogios presentes",
    "Quantity": 16,
    "Revenue": 4337.18,
    "OrderCount": 16
  },
  {
    "Year": 2017,
    "WeekNumber": 18,
    "WeekStartDate": "2017-05-01T00:00:00",
    "Category": "telefonia",
    "Quantity": 51,
    "Revenue": 2770.25,
    "OrderCount": 51
  },
  {
    "Year": 2017,
    "WeekNumber": 18,
    "WeekStartDate": "2017-05-01T00:00:00",
    "Category": "utilidades domesticas",
    "Quantity": 63,
    "Revenue": 4926.78,
    "OrderCount": 63
  },
  {
    "Year": 2017,
    "WeekNumber": 19,
    "WeekStartDate": "2017-05-08T00:00:00",
    "Category": "automotivo",
    "Quantity": 21,
    "Revenue": 3791.44,
    "OrderCount": 21
  },
  {
    "Year": 2017,
    "WeekNumber": 19,
    "WeekStartDate": "2017-05-08T00:00:00",
    "Category": "beleza saude",
    "Quantity": 62,
    "Revenue": 11679.50,
    "OrderCount": 62
  },
  {
    "Year": 2017,
    "WeekNumber": 19,
    "WeekStartDate": "2017-05-08T00:00:00",
    "Category": "brinquedos",
    "Quantity": 45,
    "Revenue": 5093.84,
    "OrderCount": 45
  },
  {
    "Year": 2017,
    "WeekNumber": 19,
    "WeekStartDate": "2017-05-08T00:00:00",
    "Category": "cama mesa banho",
    "Quantity": 77,
    "Revenue": 8651.43,
    "OrderCount": 77
  },
  {
    "Year": 2017,
    "WeekNumber": 19,
    "WeekStartDate": "2017-05-08T00:00:00",
    "Category": "cool stuff",
    "Quantity": 54,
    "Revenue": 7825.62,
    "OrderCount": 54
  },
  {
    "Year": 2017,
    "WeekNumber": 19,
    "WeekStartDate": "2017-05-08T00:00:00",
    "Category": "esporte lazer",
    "Quantity": 56,
    "Revenue": 6279.11,
    "OrderCount": 56
  },
  {
    "Year": 2017,
    "WeekNumber": 19,
    "WeekStartDate": "2017-05-08T00:00:00",
    "Category": "ferramentas jardim",
    "Quantity": 32,
    "Revenue": 5274.03,
    "OrderCount": 32
  },
  {
    "Year": 2017,
    "WeekNumber": 19,
    "WeekStartDate": "2017-05-08T00:00:00",
    "Category": "informatica acessorios",
    "Quantity": 90,
    "Revenue": 19959.01,
    "OrderCount": 90
  },
  {
    "Year": 2017,
    "WeekNumber": 19,
    "WeekStartDate": "2017-05-08T00:00:00",
    "Category": "moveis decoracao",
    "Quantity": 58,
    "Revenue": 5580.04,
    "OrderCount": 58
  },
  {
    "Year": 2017,
    "WeekNumber": 19,
    "WeekStartDate": "2017-05-08T00:00:00",
    "Category": "relogios presentes",
    "Quantity": 32,
    "Revenue": 8285.23,
    "OrderCount": 32
  },
  {
    "Year": 2017,
    "WeekNumber": 19,
    "WeekStartDate": "2017-05-08T00:00:00",
    "Category": "telefonia",
    "Quantity": 44,
    "Revenue": 2398.70,
    "OrderCount": 44
  },
  {
    "Year": 2017,
    "WeekNumber": 19,
    "WeekStartDate": "2017-05-08T00:00:00",
    "Category": "utilidades domesticas",
    "Quantity": 45,
    "Revenue": 3298.13,
    "OrderCount": 45
  },
  {
    "Year": 2017,
    "WeekNumber": 20,
    "WeekStartDate": "2017-05-15T00:00:00",
    "Category": "automotivo",
    "Quantity": 28,
    "Revenue": 5826.89,
    "OrderCount": 28
  },
  {
    "Year": 2017,
    "WeekNumber": 20,
    "WeekStartDate": "2017-05-15T00:00:00",
    "Category": "beleza saude",
    "Quantity": 59,
    "Revenue": 10288.80,
    "OrderCount": 59
  },
  {
    "Year": 2017,
    "WeekNumber": 20,
    "WeekStartDate": "2017-05-15T00:00:00",
    "Category": "brinquedos",
    "Quantity": 46,
    "Revenue": 4776.84,
    "OrderCount": 46
  },
  {
    "Year": 2017,
    "WeekNumber": 20,
    "WeekStartDate": "2017-05-15T00:00:00",
    "Category": "cama mesa banho",
    "Quantity": 81,
    "Revenue": 8156.99,
    "OrderCount": 81
  },
  {
    "Year": 2017,
    "WeekNumber": 20,
    "WeekStartDate": "2017-05-15T00:00:00",
    "Category": "cool stuff",
    "Quantity": 68,
    "Revenue": 9940.22,
    "OrderCount": 68
  },
  {
    "Year": 2017,
    "WeekNumber": 20,
    "WeekStartDate": "2017-05-15T00:00:00",
    "Category": "esporte lazer",
    "Quantity": 85,
    "Revenue": 12582.43,
    "OrderCount": 85
  },
  {
    "Year": 2017,
    "WeekNumber": 20,
    "WeekStartDate": "2017-05-15T00:00:00",
    "Category": "ferramentas jardim",
    "Quantity": 30,
    "Revenue": 4073.78,
    "OrderCount": 30
  },
  {
    "Year": 2017,
    "WeekNumber": 20,
    "WeekStartDate": "2017-05-15T00:00:00",
    "Category": "informatica acessorios",
    "Quantity": 86,
    "Revenue": 11287.28,
    "OrderCount": 86
  },
  {
    "Year": 2017,
    "WeekNumber": 20,
    "WeekStartDate": "2017-05-15T00:00:00",
    "Category": "moveis decoracao",
    "Quantity": 75,
    "Revenue": 8313.83,
    "OrderCount": 75
  },
  {
    "Year": 2017,
    "WeekNumber": 20,
    "WeekStartDate": "2017-05-15T00:00:00",
    "Category": "relogios presentes",
    "Quantity": 33,
    "Revenue": 13581.45,
    "OrderCount": 33
  },
  {
    "Year": 2017,
    "WeekNumber": 20,
    "WeekStartDate": "2017-05-15T00:00:00",
    "Category": "telefonia",
    "Quantity": 51,
    "Revenue": 2564.07,
    "OrderCount": 51
  },
  {
    "Year": 2017,
    "WeekNumber": 20,
    "WeekStartDate": "2017-05-15T00:00:00",
    "Category": "utilidades domesticas",
    "Quantity": 94,
    "Revenue": 9032.62,
    "OrderCount": 94
  },
  {
    "Year": 2017,
    "WeekNumber": 21,
    "WeekStartDate": "2017-05-22T00:00:00",
    "Category": "automotivo",
    "Quantity": 27,
    "Revenue": 4337.36,
    "OrderCount": 27
  },
  {
    "Year": 2017,
    "WeekNumber": 21,
    "WeekStartDate": "2017-05-22T00:00:00",
    "Category": "beleza saude",
    "Quantity": 57,
    "Revenue": 10902.41,
    "OrderCount": 57
  },
  {
    "Year": 2017,
    "WeekNumber": 21,
    "WeekStartDate": "2017-05-22T00:00:00",
    "Category": "brinquedos",
    "Quantity": 48,
    "Revenue": 6905.18,
    "OrderCount": 48
  },
  {
    "Year": 2017,
    "WeekNumber": 21,
    "WeekStartDate": "2017-05-22T00:00:00",
    "Category": "cama mesa banho",
    "Quantity": 101,
    "Revenue": 11753.51,
    "OrderCount": 101
  },
  {
    "Year": 2017,
    "WeekNumber": 21,
    "WeekStartDate": "2017-05-22T00:00:00",
    "Category": "cool stuff",
    "Quantity": 47,
    "Revenue": 8424.96,
    "OrderCount": 47
  },
  {
    "Year": 2017,
    "WeekNumber": 21,
    "WeekStartDate": "2017-05-22T00:00:00",
    "Category": "esporte lazer",
    "Quantity": 75,
    "Revenue": 9093.13,
    "OrderCount": 75
  },
  {
    "Year": 2017,
    "WeekNumber": 21,
    "WeekStartDate": "2017-05-22T00:00:00",
    "Category": "ferramentas jardim",
    "Quantity": 26,
    "Revenue": 4308.92,
    "OrderCount": 26
  },
  {
    "Year": 2017,
    "WeekNumber": 21,
    "WeekStartDate": "2017-05-22T00:00:00",
    "Category": "informatica acessorios",
    "Quantity": 57,
    "Revenue": 9133.13,
    "OrderCount": 57
  },
  {
    "Year": 2017,
    "WeekNumber": 21,
    "WeekStartDate": "2017-05-22T00:00:00",
    "Category": "moveis decoracao",
    "Quantity": 49,
    "Revenue": 5967.58,
    "OrderCount": 49
  },
  {
    "Year": 2017,
    "WeekNumber": 21,
    "WeekStartDate": "2017-05-22T00:00:00",
    "Category": "relogios presentes",
    "Quantity": 34,
    "Revenue": 9499.86,
    "OrderCount": 34
  },
  {
    "Year": 2017,
    "WeekNumber": 21,
    "WeekStartDate": "2017-05-22T00:00:00",
    "Category": "telefonia",
    "Quantity": 45,
    "Revenue": 2437.80,
    "OrderCount": 45
  },
  {
    "Year": 2017,
    "WeekNumber": 21,
    "WeekStartDate": "2017-05-22T00:00:00",
    "Category": "utilidades domesticas",
    "Quantity": 57,
    "Revenue": 5963.92,
    "OrderCount": 57
  },
  {
    "Year": 2017,
    "WeekNumber": 22,
    "WeekStartDate": "2017-05-29T00:00:00",
    "Category": "automotivo",
    "Quantity": 23,
    "Revenue": 4348.35,
    "OrderCount": 23
  },
  {
    "Year": 2017,
    "WeekNumber": 22,
    "WeekStartDate": "2017-05-29T00:00:00",
    "Category": "beleza saude",
    "Quantity": 79,
    "Revenue": 13588.19,
    "OrderCount": 79
  },
  {
    "Year": 2017,
    "WeekNumber": 22,
    "WeekStartDate": "2017-05-29T00:00:00",
    "Category": "brinquedos",
    "Quantity": 46,
    "Revenue": 6664.08,
    "OrderCount": 46
  },
  {
    "Year": 2017,
    "WeekNumber": 22,
    "WeekStartDate": "2017-05-29T00:00:00",
    "Category": "cama mesa banho",
    "Quantity": 75,
    "Revenue": 7775.23,
    "OrderCount": 75
  },
  {
    "Year": 2017,
    "WeekNumber": 22,
    "WeekStartDate": "2017-05-29T00:00:00",
    "Category": "cool stuff",
    "Quantity": 57,
    "Revenue": 11950.45,
    "OrderCount": 57
  },
  {
    "Year": 2017,
    "WeekNumber": 22,
    "WeekStartDate": "2017-05-29T00:00:00",
    "Category": "esporte lazer",
    "Quantity": 45,
    "Revenue": 6882.71,
    "OrderCount": 45
  },
  {
    "Year": 2017,
    "WeekNumber": 22,
    "WeekStartDate": "2017-05-29T00:00:00",
    "Category": "ferramentas jardim",
    "Quantity": 25,
    "Revenue": 3586.26,
    "OrderCount": 25
  },
  {
    "Year": 2017,
    "WeekNumber": 22,
    "WeekStartDate": "2017-05-29T00:00:00",
    "Category": "informatica acessorios",
    "Quantity": 68,
    "Revenue": 9394.97,
    "OrderCount": 68
  },
  {
    "Year": 2017,
    "WeekNumber": 22,
    "WeekStartDate": "2017-05-29T00:00:00",
    "Category": "moveis decoracao",
    "Quantity": 56,
    "Revenue": 5224.83,
    "OrderCount": 56
  },
  {
    "Year": 2017,
    "WeekNumber": 22,
    "WeekStartDate": "2017-05-29T00:00:00",
    "Category": "relogios presentes",
    "Quantity": 30,
    "Revenue": 10499.87,
    "OrderCount": 30
  },
  {
    "Year": 2017,
    "WeekNumber": 22,
    "WeekStartDate": "2017-05-29T00:00:00",
    "Category": "telefonia",
    "Quantity": 43,
    "Revenue": 3520.93,
    "OrderCount": 43
  },
  {
    "Year": 2017,
    "WeekNumber": 22,
    "WeekStartDate": "2017-05-29T00:00:00",
    "Category": "utilidades domesticas",
    "Quantity": 78,
    "Revenue": 6590.37,
    "OrderCount": 78
  },
  {
    "Year": 2017,
    "WeekNumber": 23,
    "WeekStartDate": "2017-06-05T00:00:00",
    "Category": "automotivo",
    "Quantity": 32,
    "Revenue": 5392.04,
    "OrderCount": 32
  },
  {
    "Year": 2017,
    "WeekNumber": 23,
    "WeekStartDate": "2017-06-05T00:00:00",
    "Category": "beleza saude",
    "Quantity": 54,
    "Revenue": 11077.17,
    "OrderCount": 54
  },
  {
    "Year": 2017,
    "WeekNumber": 23,
    "WeekStartDate": "2017-06-05T00:00:00",
    "Category": "brinquedos",
    "Quantity": 52,
    "Revenue": 6245.48,
    "OrderCount": 52
  },
  {
    "Year": 2017,
    "WeekNumber": 23,
    "WeekStartDate": "2017-06-05T00:00:00",
    "Category": "cama mesa banho",
    "Quantity": 99,
    "Revenue": 10318.01,
    "OrderCount": 99
  },
  {
    "Year": 2017,
    "WeekNumber": 23,
    "WeekStartDate": "2017-06-05T00:00:00",
    "Category": "cool stuff",
    "Quantity": 42,
    "Revenue": 9588.06,
    "OrderCount": 42
  },
  {
    "Year": 2017,
    "WeekNumber": 23,
    "WeekStartDate": "2017-06-05T00:00:00",
    "Category": "esporte lazer",
    "Quantity": 68,
    "Revenue": 9876.75,
    "OrderCount": 68
  },
  {
    "Year": 2017,
    "WeekNumber": 23,
    "WeekStartDate": "2017-06-05T00:00:00",
    "Category": "ferramentas jardim",
    "Quantity": 32,
    "Revenue": 6256.85,
    "OrderCount": 32
  },
  {
    "Year": 2017,
    "WeekNumber": 23,
    "WeekStartDate": "2017-06-05T00:00:00",
    "Category": "informatica acessorios",
    "Quantity": 69,
    "Revenue": 11951.89,
    "OrderCount": 69
  },
  {
    "Year": 2017,
    "WeekNumber": 23,
    "WeekStartDate": "2017-06-05T00:00:00",
    "Category": "moveis decoracao",
    "Quantity": 63,
    "Revenue": 4129.41,
    "OrderCount": 63
  },
  {
    "Year": 2017,
    "WeekNumber": 23,
    "WeekStartDate": "2017-06-05T00:00:00",
    "Category": "relogios presentes",
    "Quantity": 35,
    "Revenue": 7156.19,
    "OrderCount": 35
  },
  {
    "Year": 2017,
    "WeekNumber": 23,
    "WeekStartDate": "2017-06-05T00:00:00",
    "Category": "telefonia",
    "Quantity": 53,
    "Revenue": 2740.59,
    "OrderCount": 53
  },
  {
    "Year": 2017,
    "WeekNumber": 23,
    "WeekStartDate": "2017-06-05T00:00:00",
    "Category": "utilidades domesticas",
    "Quantity": 66,
    "Revenue": 6250.00,
    "OrderCount": 66
  },
  {
    "Year": 2017,
    "WeekNumber": 24,
    "WeekStartDate": "2017-06-12T00:00:00",
    "Category": "automotivo",
    "Quantity": 27,
    "Revenue": 16338.89,
    "OrderCount": 27
  },
  {
    "Year": 2017,
    "WeekNumber": 24,
    "WeekStartDate": "2017-06-12T00:00:00",
    "Category": "beleza saude",
    "Quantity": 52,
    "Revenue": 5286.45,
    "OrderCount": 52
  },
  {
    "Year": 2017,
    "WeekNumber": 24,
    "WeekStartDate": "2017-06-12T00:00:00",
    "Category": "brinquedos",
    "Quantity": 33,
    "Revenue": 4014.47,
    "OrderCount": 33
  },
  {
    "Year": 2017,
    "WeekNumber": 24,
    "WeekStartDate": "2017-06-12T00:00:00",
    "Category": "cama mesa banho",
    "Quantity": 93,
    "Revenue": 9801.69,
    "OrderCount": 93
  },
  {
    "Year": 2017,
    "WeekNumber": 24,
    "WeekStartDate": "2017-06-12T00:00:00",
    "Category": "cool stuff",
    "Quantity": 51,
    "Revenue": 7506.71,
    "OrderCount": 51
  },
  {
    "Year": 2017,
    "WeekNumber": 24,
    "WeekStartDate": "2017-06-12T00:00:00",
    "Category": "esporte lazer",
    "Quantity": 70,
    "Revenue": 8337.63,
    "OrderCount": 70
  },
  {
    "Year": 2017,
    "WeekNumber": 24,
    "WeekStartDate": "2017-06-12T00:00:00",
    "Category": "ferramentas jardim",
    "Quantity": 32,
    "Revenue": 3990.07,
    "OrderCount": 32
  },
  {
    "Year": 2017,
    "WeekNumber": 24,
    "WeekStartDate": "2017-06-12T00:00:00",
    "Category": "informatica acessorios",
    "Quantity": 73,
    "Revenue": 9041.60,
    "OrderCount": 73
  },
  {
    "Year": 2017,
    "WeekNumber": 24,
    "WeekStartDate": "2017-06-12T00:00:00",
    "Category": "moveis decoracao",
    "Quantity": 42,
    "Revenue": 3083.56,
    "OrderCount": 42
  },
  {
    "Year": 2017,
    "WeekNumber": 24,
    "WeekStartDate": "2017-06-12T00:00:00",
    "Category": "relogios presentes",
    "Quantity": 25,
    "Revenue": 6749.48,
    "OrderCount": 25
  },
  {
    "Year": 2017,
    "WeekNumber": 24,
    "WeekStartDate": "2017-06-12T00:00:00",
    "Category": "telefonia",
    "Quantity": 43,
    "Revenue": 2957.81,
    "OrderCount": 43
  },
  {
    "Year": 2017,
    "WeekNumber": 24,
    "WeekStartDate": "2017-06-12T00:00:00",
    "Category": "utilidades domesticas",
    "Quantity": 64,
    "Revenue": 5516.46,
    "OrderCount": 64
  },
  {
    "Year": 2017,
    "WeekNumber": 25,
    "WeekStartDate": "2017-06-19T00:00:00",
    "Category": "automotivo",
    "Quantity": 23,
    "Revenue": 5793.57,
    "OrderCount": 23
  },
  {
    "Year": 2017,
    "WeekNumber": 25,
    "WeekStartDate": "2017-06-19T00:00:00",
    "Category": "beleza saude",
    "Quantity": 59,
    "Revenue": 9082.41,
    "OrderCount": 59
  },
  {
    "Year": 2017,
    "WeekNumber": 25,
    "WeekStartDate": "2017-06-19T00:00:00",
    "Category": "brinquedos",
    "Quantity": 27,
    "Revenue": 3068.51,
    "OrderCount": 27
  },
  {
    "Year": 2017,
    "WeekNumber": 25,
    "WeekStartDate": "2017-06-19T00:00:00",
    "Category": "cama mesa banho",
    "Quantity": 73,
    "Revenue": 7538.72,
    "OrderCount": 73
  },
  {
    "Year": 2017,
    "WeekNumber": 25,
    "WeekStartDate": "2017-06-19T00:00:00",
    "Category": "cool stuff",
    "Quantity": 40,
    "Revenue": 10489.61,
    "OrderCount": 40
  },
  {
    "Year": 2017,
    "WeekNumber": 25,
    "WeekStartDate": "2017-06-19T00:00:00",
    "Category": "esporte lazer",
    "Quantity": 47,
    "Revenue": 7575.52,
    "OrderCount": 47
  },
  {
    "Year": 2017,
    "WeekNumber": 25,
    "WeekStartDate": "2017-06-19T00:00:00",
    "Category": "ferramentas jardim",
    "Quantity": 15,
    "Revenue": 2202.83,
    "OrderCount": 15
  },
  {
    "Year": 2017,
    "WeekNumber": 25,
    "WeekStartDate": "2017-06-19T00:00:00",
    "Category": "informatica acessorios",
    "Quantity": 52,
    "Revenue": 6866.60,
    "OrderCount": 52
  },
  {
    "Year": 2017,
    "WeekNumber": 25,
    "WeekStartDate": "2017-06-19T00:00:00",
    "Category": "moveis decoracao",
    "Quantity": 56,
    "Revenue": 6776.91,
    "OrderCount": 56
  },
  {
    "Year": 2017,
    "WeekNumber": 25,
    "WeekStartDate": "2017-06-19T00:00:00",
    "Category": "relogios presentes",
    "Quantity": 30,
    "Revenue": 5850.71,
    "OrderCount": 30
  },
  {
    "Year": 2017,
    "WeekNumber": 25,
    "WeekStartDate": "2017-06-19T00:00:00",
    "Category": "telefonia",
    "Quantity": 23,
    "Revenue": 941.43,
    "OrderCount": 23
  },
  {
    "Year": 2017,
    "WeekNumber": 25,
    "WeekStartDate": "2017-06-19T00:00:00",
    "Category": "utilidades domesticas",
    "Quantity": 83,
    "Revenue": 7584.71,
    "OrderCount": 83
  },
  {
    "Year": 2017,
    "WeekNumber": 26,
    "WeekStartDate": "2017-06-26T00:00:00",
    "Category": "automotivo",
    "Quantity": 25,
    "Revenue": 4190.33,
    "OrderCount": 25
  },
  {
    "Year": 2017,
    "WeekNumber": 26,
    "WeekStartDate": "2017-06-26T00:00:00",
    "Category": "beleza saude",
    "Quantity": 61,
    "Revenue": 8896.28,
    "OrderCount": 61
  },
  {
    "Year": 2017,
    "WeekNumber": 26,
    "WeekStartDate": "2017-06-26T00:00:00",
    "Category": "brinquedos",
    "Quantity": 32,
    "Revenue": 3067.19,
    "OrderCount": 32
  },
  {
    "Year": 2017,
    "WeekNumber": 26,
    "WeekStartDate": "2017-06-26T00:00:00",
    "Category": "cama mesa banho",
    "Quantity": 90,
    "Revenue": 11388.12,
    "OrderCount": 90
  },
  {
    "Year": 2017,
    "WeekNumber": 26,
    "WeekStartDate": "2017-06-26T00:00:00",
    "Category": "cool stuff",
    "Quantity": 57,
    "Revenue": 9604.79,
    "OrderCount": 57
  },
  {
    "Year": 2017,
    "WeekNumber": 26,
    "WeekStartDate": "2017-06-26T00:00:00",
    "Category": "esporte lazer",
    "Quantity": 68,
    "Revenue": 8850.37,
    "OrderCount": 68
  },
  {
    "Year": 2017,
    "WeekNumber": 26,
    "WeekStartDate": "2017-06-26T00:00:00",
    "Category": "ferramentas jardim",
    "Quantity": 20,
    "Revenue": 3173.50,
    "OrderCount": 20
  },
  {
    "Year": 2017,
    "WeekNumber": 26,
    "WeekStartDate": "2017-06-26T00:00:00",
    "Category": "informatica acessorios",
    "Quantity": 34,
    "Revenue": 8707.66,
    "OrderCount": 34
  },
  {
    "Year": 2017,
    "WeekNumber": 26,
    "WeekStartDate": "2017-06-26T00:00:00",
    "Category": "moveis decoracao",
    "Quantity": 64,
    "Revenue": 7898.64,
    "OrderCount": 64
  },
  {
    "Year": 2017,
    "WeekNumber": 26,
    "WeekStartDate": "2017-06-26T00:00:00",
    "Category": "relogios presentes",
    "Quantity": 23,
    "Revenue": 4499.54,
    "OrderCount": 23
  },
  {
    "Year": 2017,
    "WeekNumber": 26,
    "WeekStartDate": "2017-06-26T00:00:00",
    "Category": "telefonia",
    "Quantity": 24,
    "Revenue": 988.14,
    "OrderCount": 24
  },
  {
    "Year": 2017,
    "WeekNumber": 26,
    "WeekStartDate": "2017-06-26T00:00:00",
    "Category": "utilidades domesticas",
    "Quantity": 87,
    "Revenue": 8037.57,
    "OrderCount": 87
  },
  {
    "Year": 2017,
    "WeekNumber": 27,
    "WeekStartDate": "2017-07-03T00:00:00",
    "Category": "automotivo",
    "Quantity": 19,
    "Revenue": 2228.25,
    "OrderCount": 19
  },
  {
    "Year": 2017,
    "WeekNumber": 27,
    "WeekStartDate": "2017-07-03T00:00:00",
    "Category": "beleza saude",
    "Quantity": 61,
    "Revenue": 8663.23,
    "OrderCount": 61
  },
  {
    "Year": 2017,
    "WeekNumber": 27,
    "WeekStartDate": "2017-07-03T00:00:00",
    "Category": "brinquedos",
    "Quantity": 45,
    "Revenue": 6988.87,
    "OrderCount": 45
  },
  {
    "Year": 2017,
    "WeekNumber": 27,
    "WeekStartDate": "2017-07-03T00:00:00",
    "Category": "cama mesa banho",
    "Quantity": 127,
    "Revenue": 14998.24,
    "OrderCount": 127
  },
  {
    "Year": 2017,
    "WeekNumber": 27,
    "WeekStartDate": "2017-07-03T00:00:00",
    "Category": "cool stuff",
    "Quantity": 55,
    "Revenue": 11923.99,
    "OrderCount": 55
  },
  {
    "Year": 2017,
    "WeekNumber": 27,
    "WeekStartDate": "2017-07-03T00:00:00",
    "Category": "esporte lazer",
    "Quantity": 74,
    "Revenue": 8914.86,
    "OrderCount": 74
  },
  {
    "Year": 2017,
    "WeekNumber": 27,
    "WeekStartDate": "2017-07-03T00:00:00",
    "Category": "ferramentas jardim",
    "Quantity": 28,
    "Revenue": 4164.35,
    "OrderCount": 28
  },
  {
    "Year": 2017,
    "WeekNumber": 27,
    "WeekStartDate": "2017-07-03T00:00:00",
    "Category": "informatica acessorios",
    "Quantity": 61,
    "Revenue": 11167.05,
    "OrderCount": 61
  },
  {
    "Year": 2017,
    "WeekNumber": 27,
    "WeekStartDate": "2017-07-03T00:00:00",
    "Category": "moveis decoracao",
    "Quantity": 75,
    "Revenue": 7560.20,
    "OrderCount": 75
  },
  {
    "Year": 2017,
    "WeekNumber": 27,
    "WeekStartDate": "2017-07-03T00:00:00",
    "Category": "relogios presentes",
    "Quantity": 21,
    "Revenue": 8141.44,
    "OrderCount": 21
  },
  {
    "Year": 2017,
    "WeekNumber": 27,
    "WeekStartDate": "2017-07-03T00:00:00",
    "Category": "telefonia",
    "Quantity": 29,
    "Revenue": 1572.45,
    "OrderCount": 29
  },
  {
    "Year": 2017,
    "WeekNumber": 27,
    "WeekStartDate": "2017-07-03T00:00:00",
    "Category": "utilidades domesticas",
    "Quantity": 53,
    "Revenue": 5563.09,
    "OrderCount": 53
  },
  {
    "Year": 2017,
    "WeekNumber": 28,
    "WeekStartDate": "2017-07-10T00:00:00",
    "Category": "automotivo",
    "Quantity": 34,
    "Revenue": 3257.58,
    "OrderCount": 34
  },
  {
    "Year": 2017,
    "WeekNumber": 28,
    "WeekStartDate": "2017-07-10T00:00:00",
    "Category": "beleza saude",
    "Quantity": 90,
    "Revenue": 6757.07,
    "OrderCount": 90
  },
  {
    "Year": 2017,
    "WeekNumber": 28,
    "WeekStartDate": "2017-07-10T00:00:00",
    "Category": "brinquedos",
    "Quantity": 50,
    "Revenue": 5867.88,
    "OrderCount": 50
  },
  {
    "Year": 2017,
    "WeekNumber": 28,
    "WeekStartDate": "2017-07-10T00:00:00",
    "Category": "cama mesa banho",
    "Quantity": 137,
    "Revenue": 18641.54,
    "OrderCount": 137
  },
  {
    "Year": 2017,
    "WeekNumber": 28,
    "WeekStartDate": "2017-07-10T00:00:00",
    "Category": "cool stuff",
    "Quantity": 63,
    "Revenue": 10473.71,
    "OrderCount": 63
  },
  {
    "Year": 2017,
    "WeekNumber": 28,
    "WeekStartDate": "2017-07-10T00:00:00",
    "Category": "esporte lazer",
    "Quantity": 93,
    "Revenue": 11258.17,
    "OrderCount": 93
  },
  {
    "Year": 2017,
    "WeekNumber": 28,
    "WeekStartDate": "2017-07-10T00:00:00",
    "Category": "ferramentas jardim",
    "Quantity": 28,
    "Revenue": 4274.63,
    "OrderCount": 28
  },
  {
    "Year": 2017,
    "WeekNumber": 28,
    "WeekStartDate": "2017-07-10T00:00:00",
    "Category": "informatica acessorios",
    "Quantity": 73,
    "Revenue": 9687.77,
    "OrderCount": 73
  },
  {
    "Year": 2017,
    "WeekNumber": 28,
    "WeekStartDate": "2017-07-10T00:00:00",
    "Category": "moveis decoracao",
    "Quantity": 66,
    "Revenue": 5556.87,
    "OrderCount": 66
  },
  {
    "Year": 2017,
    "WeekNumber": 28,
    "WeekStartDate": "2017-07-10T00:00:00",
    "Category": "relogios presentes",
    "Quantity": 44,
    "Revenue": 9513.37,
    "OrderCount": 44
  },
  {
    "Year": 2017,
    "WeekNumber": 28,
    "WeekStartDate": "2017-07-10T00:00:00",
    "Category": "telefonia",
    "Quantity": 25,
    "Revenue": 1703.07,
    "OrderCount": 25
  },
  {
    "Year": 2017,
    "WeekNumber": 28,
    "WeekStartDate": "2017-07-10T00:00:00",
    "Category": "utilidades domesticas",
    "Quantity": 50,
    "Revenue": 4733.19,
    "OrderCount": 50
  },
  {
    "Year": 2017,
    "WeekNumber": 29,
    "WeekStartDate": "2017-07-17T00:00:00",
    "Category": "automotivo",
    "Quantity": 27,
    "Revenue": 6692.94,
    "OrderCount": 27
  },
  {
    "Year": 2017,
    "WeekNumber": 29,
    "WeekStartDate": "2017-07-17T00:00:00",
    "Category": "beleza saude",
    "Quantity": 69,
    "Revenue": 8350.04,
    "OrderCount": 69
  },
  {
    "Year": 2017,
    "WeekNumber": 29,
    "WeekStartDate": "2017-07-17T00:00:00",
    "Category": "brinquedos",
    "Quantity": 40,
    "Revenue": 5156.41,
    "OrderCount": 40
  },
  {
    "Year": 2017,
    "WeekNumber": 29,
    "WeekStartDate": "2017-07-17T00:00:00",
    "Category": "cama mesa banho",
    "Quantity": 151,
    "Revenue": 21260.35,
    "OrderCount": 151
  },
  {
    "Year": 2017,
    "WeekNumber": 29,
    "WeekStartDate": "2017-07-17T00:00:00",
    "Category": "cool stuff",
    "Quantity": 50,
    "Revenue": 8586.92,
    "OrderCount": 50
  },
  {
    "Year": 2017,
    "WeekNumber": 29,
    "WeekStartDate": "2017-07-17T00:00:00",
    "Category": "esporte lazer",
    "Quantity": 75,
    "Revenue": 7781.72,
    "OrderCount": 75
  },
  {
    "Year": 2017,
    "WeekNumber": 29,
    "WeekStartDate": "2017-07-17T00:00:00",
    "Category": "ferramentas jardim",
    "Quantity": 89,
    "Revenue": 10533.31,
    "OrderCount": 89
  },
  {
    "Year": 2017,
    "WeekNumber": 29,
    "WeekStartDate": "2017-07-17T00:00:00",
    "Category": "informatica acessorios",
    "Quantity": 82,
    "Revenue": 11737.10,
    "OrderCount": 82
  },
  {
    "Year": 2017,
    "WeekNumber": 29,
    "WeekStartDate": "2017-07-17T00:00:00",
    "Category": "moveis decoracao",
    "Quantity": 58,
    "Revenue": 5493.85,
    "OrderCount": 58
  },
  {
    "Year": 2017,
    "WeekNumber": 29,
    "WeekStartDate": "2017-07-17T00:00:00",
    "Category": "relogios presentes",
    "Quantity": 43,
    "Revenue": 6895.11,
    "OrderCount": 43
  },
  {
    "Year": 2017,
    "WeekNumber": 29,
    "WeekStartDate": "2017-07-17T00:00:00",
    "Category": "telefonia",
    "Quantity": 35,
    "Revenue": 3820.62,
    "OrderCount": 35
  },
  {
    "Year": 2017,
    "WeekNumber": 29,
    "WeekStartDate": "2017-07-17T00:00:00",
    "Category": "utilidades domesticas",
    "Quantity": 57,
    "Revenue": 4806.80,
    "OrderCount": 57
  },
  {
    "Year": 2017,
    "WeekNumber": 30,
    "WeekStartDate": "2017-07-24T00:00:00",
    "Category": "automotivo",
    "Quantity": 28,
    "Revenue": 2622.27,
    "OrderCount": 28
  },
  {
    "Year": 2017,
    "WeekNumber": 30,
    "WeekStartDate": "2017-07-24T00:00:00",
    "Category": "beleza saude",
    "Quantity": 65,
    "Revenue": 12084.73,
    "OrderCount": 65
  },
  {
    "Year": 2017,
    "WeekNumber": 30,
    "WeekStartDate": "2017-07-24T00:00:00",
    "Category": "brinquedos",
    "Quantity": 45,
    "Revenue": 6390.33,
    "OrderCount": 45
  },
  {
    "Year": 2017,
    "WeekNumber": 30,
    "WeekStartDate": "2017-07-24T00:00:00",
    "Category": "cama mesa banho",
    "Quantity": 117,
    "Revenue": 14196.02,
    "OrderCount": 117
  },
  {
    "Year": 2017,
    "WeekNumber": 30,
    "WeekStartDate": "2017-07-24T00:00:00",
    "Category": "cool stuff",
    "Quantity": 34,
    "Revenue": 6705.31,
    "OrderCount": 34
  },
  {
    "Year": 2017,
    "WeekNumber": 30,
    "WeekStartDate": "2017-07-24T00:00:00",
    "Category": "esporte lazer",
    "Quantity": 101,
    "Revenue": 11438.11,
    "OrderCount": 101
  },
  {
    "Year": 2017,
    "WeekNumber": 30,
    "WeekStartDate": "2017-07-24T00:00:00",
    "Category": "ferramentas jardim",
    "Quantity": 27,
    "Revenue": 3089.47,
    "OrderCount": 27
  },
  {
    "Year": 2017,
    "WeekNumber": 30,
    "WeekStartDate": "2017-07-24T00:00:00",
    "Category": "informatica acessorios",
    "Quantity": 81,
    "Revenue": 8777.08,
    "OrderCount": 81
  },
  {
    "Year": 2017,
    "WeekNumber": 30,
    "WeekStartDate": "2017-07-24T00:00:00",
    "Category": "moveis decoracao",
    "Quantity": 81,
    "Revenue": 7603.00,
    "OrderCount": 81
  },
  {
    "Year": 2017,
    "WeekNumber": 30,
    "WeekStartDate": "2017-07-24T00:00:00",
    "Category": "relogios presentes",
    "Quantity": 39,
    "Revenue": 8077.60,
    "OrderCount": 39
  },
  {
    "Year": 2017,
    "WeekNumber": 30,
    "WeekStartDate": "2017-07-24T00:00:00",
    "Category": "telefonia",
    "Quantity": 41,
    "Revenue": 3461.59,
    "OrderCount": 41
  },
  {
    "Year": 2017,
    "WeekNumber": 30,
    "WeekStartDate": "2017-07-24T00:00:00",
    "Category": "utilidades domesticas",
    "Quantity": 78,
    "Revenue": 6582.43,
    "OrderCount": 78
  },
  {
    "Year": 2017,
    "WeekNumber": 31,
    "WeekStartDate": "2017-07-31T00:00:00",
    "Category": "automotivo",
    "Quantity": 42,
    "Revenue": 6604.78,
    "OrderCount": 42
  },
  {
    "Year": 2017,
    "WeekNumber": 31,
    "WeekStartDate": "2017-07-31T00:00:00",
    "Category": "beleza saude",
    "Quantity": 77,
    "Revenue": 11884.57,
    "OrderCount": 77
  },
  {
    "Year": 2017,
    "WeekNumber": 31,
    "WeekStartDate": "2017-07-31T00:00:00",
    "Category": "brinquedos",
    "Quantity": 54,
    "Revenue": 6316.77,
    "OrderCount": 54
  },
  {
    "Year": 2017,
    "WeekNumber": 31,
    "WeekStartDate": "2017-07-31T00:00:00",
    "Category": "cama mesa banho",
    "Quantity": 93,
    "Revenue": 12336.43,
    "OrderCount": 93
  },
  {
    "Year": 2017,
    "WeekNumber": 31,
    "WeekStartDate": "2017-07-31T00:00:00",
    "Category": "cool stuff",
    "Quantity": 65,
    "Revenue": 8642.83,
    "OrderCount": 65
  },
  {
    "Year": 2017,
    "WeekNumber": 31,
    "WeekStartDate": "2017-07-31T00:00:00",
    "Category": "esporte lazer",
    "Quantity": 88,
    "Revenue": 11143.22,
    "OrderCount": 88
  },
  {
    "Year": 2017,
    "WeekNumber": 31,
    "WeekStartDate": "2017-07-31T00:00:00",
    "Category": "ferramentas jardim",
    "Quantity": 43,
    "Revenue": 3638.81,
    "OrderCount": 43
  },
  {
    "Year": 2017,
    "WeekNumber": 31,
    "WeekStartDate": "2017-07-31T00:00:00",
    "Category": "informatica acessorios",
    "Quantity": 84,
    "Revenue": 9607.30,
    "OrderCount": 84
  },
  {
    "Year": 2017,
    "WeekNumber": 31,
    "WeekStartDate": "2017-07-31T00:00:00",
    "Category": "moveis decoracao",
    "Quantity": 101,
    "Revenue": 9074.29,
    "OrderCount": 101
  },
  {
    "Year": 2017,
    "WeekNumber": 31,
    "WeekStartDate": "2017-07-31T00:00:00",
    "Category": "relogios presentes",
    "Quantity": 54,
    "Revenue": 12440.93,
    "OrderCount": 54
  },
  {
    "Year": 2017,
    "WeekNumber": 31,
    "WeekStartDate": "2017-07-31T00:00:00",
    "Category": "telefonia",
    "Quantity": 38,
    "Revenue": 3387.83,
    "OrderCount": 38
  },
  {
    "Year": 2017,
    "WeekNumber": 31,
    "WeekStartDate": "2017-07-31T00:00:00",
    "Category": "utilidades domesticas",
    "Quantity": 78,
    "Revenue": 6855.18,
    "OrderCount": 78
  },
  {
    "Year": 2017,
    "WeekNumber": 32,
    "WeekStartDate": "2017-08-07T00:00:00",
    "Category": "automotivo",
    "Quantity": 22,
    "Revenue": 4808.97,
    "OrderCount": 22
  },
  {
    "Year": 2017,
    "WeekNumber": 32,
    "WeekStartDate": "2017-08-07T00:00:00",
    "Category": "beleza saude",
    "Quantity": 67,
    "Revenue": 12070.47,
    "OrderCount": 67
  },
  {
    "Year": 2017,
    "WeekNumber": 32,
    "WeekStartDate": "2017-08-07T00:00:00",
    "Category": "brinquedos",
    "Quantity": 40,
    "Revenue": 4800.52,
    "OrderCount": 40
  },
  {
    "Year": 2017,
    "WeekNumber": 32,
    "WeekStartDate": "2017-08-07T00:00:00",
    "Category": "cama mesa banho",
    "Quantity": 135,
    "Revenue": 17902.09,
    "OrderCount": 135
  },
  {
    "Year": 2017,
    "WeekNumber": 32,
    "WeekStartDate": "2017-08-07T00:00:00",
    "Category": "cool stuff",
    "Quantity": 67,
    "Revenue": 14255.59,
    "OrderCount": 67
  },
  {
    "Year": 2017,
    "WeekNumber": 32,
    "WeekStartDate": "2017-08-07T00:00:00",
    "Category": "esporte lazer",
    "Quantity": 98,
    "Revenue": 13089.99,
    "OrderCount": 98
  },
  {
    "Year": 2017,
    "WeekNumber": 32,
    "WeekStartDate": "2017-08-07T00:00:00",
    "Category": "ferramentas jardim",
    "Quantity": 50,
    "Revenue": 6529.29,
    "OrderCount": 50
  },
  {
    "Year": 2017,
    "WeekNumber": 32,
    "WeekStartDate": "2017-08-07T00:00:00",
    "Category": "informatica acessorios",
    "Quantity": 75,
    "Revenue": 10316.81,
    "OrderCount": 75
  },
  {
    "Year": 2017,
    "WeekNumber": 32,
    "WeekStartDate": "2017-08-07T00:00:00",
    "Category": "moveis decoracao",
    "Quantity": 77,
    "Revenue": 7745.42,
    "OrderCount": 77
  },
  {
    "Year": 2017,
    "WeekNumber": 32,
    "WeekStartDate": "2017-08-07T00:00:00",
    "Category": "relogios presentes",
    "Quantity": 37,
    "Revenue": 6958.34,
    "OrderCount": 37
  },
  {
    "Year": 2017,
    "WeekNumber": 32,
    "WeekStartDate": "2017-08-07T00:00:00",
    "Category": "telefonia",
    "Quantity": 27,
    "Revenue": 2501.48,
    "OrderCount": 27
  },
  {
    "Year": 2017,
    "WeekNumber": 32,
    "WeekStartDate": "2017-08-07T00:00:00",
    "Category": "utilidades domesticas",
    "Quantity": 62,
    "Revenue": 7020.83,
    "OrderCount": 62
  },
  {
    "Year": 2017,
    "WeekNumber": 33,
    "WeekStartDate": "2017-08-14T00:00:00",
    "Category": "automotivo",
    "Quantity": 38,
    "Revenue": 4131.02,
    "OrderCount": 38
  },
  {
    "Year": 2017,
    "WeekNumber": 33,
    "WeekStartDate": "2017-08-14T00:00:00",
    "Category": "beleza saude",
    "Quantity": 84,
    "Revenue": 15420.39,
    "OrderCount": 84
  },
  {
    "Year": 2017,
    "WeekNumber": 33,
    "WeekStartDate": "2017-08-14T00:00:00",
    "Category": "brinquedos",
    "Quantity": 43,
    "Revenue": 4805.08,
    "OrderCount": 43
  },
  {
    "Year": 2017,
    "WeekNumber": 33,
    "WeekStartDate": "2017-08-14T00:00:00",
    "Category": "cama mesa banho",
    "Quantity": 140,
    "Revenue": 17765.48,
    "OrderCount": 140
  },
  {
    "Year": 2017,
    "WeekNumber": 33,
    "WeekStartDate": "2017-08-14T00:00:00",
    "Category": "cool stuff",
    "Quantity": 52,
    "Revenue": 8368.25,
    "OrderCount": 52
  },
  {
    "Year": 2017,
    "WeekNumber": 33,
    "WeekStartDate": "2017-08-14T00:00:00",
    "Category": "esporte lazer",
    "Quantity": 103,
    "Revenue": 11072.20,
    "OrderCount": 103
  },
  {
    "Year": 2017,
    "WeekNumber": 33,
    "WeekStartDate": "2017-08-14T00:00:00",
    "Category": "ferramentas jardim",
    "Quantity": 71,
    "Revenue": 9175.10,
    "OrderCount": 71
  },
  {
    "Year": 2017,
    "WeekNumber": 33,
    "WeekStartDate": "2017-08-14T00:00:00",
    "Category": "informatica acessorios",
    "Quantity": 85,
    "Revenue": 7907.58,
    "OrderCount": 85
  },
  {
    "Year": 2017,
    "WeekNumber": 33,
    "WeekStartDate": "2017-08-14T00:00:00",
    "Category": "moveis decoracao",
    "Quantity": 98,
    "Revenue": 10445.17,
    "OrderCount": 98
  },
  {
    "Year": 2017,
    "WeekNumber": 33,
    "WeekStartDate": "2017-08-14T00:00:00",
    "Category": "relogios presentes",
    "Quantity": 43,
    "Revenue": 5840.41,
    "OrderCount": 43
  },
  {
    "Year": 2017,
    "WeekNumber": 33,
    "WeekStartDate": "2017-08-14T00:00:00",
    "Category": "telefonia",
    "Quantity": 31,
    "Revenue": 2850.44,
    "OrderCount": 31
  },
  {
    "Year": 2017,
    "WeekNumber": 33,
    "WeekStartDate": "2017-08-14T00:00:00",
    "Category": "utilidades domesticas",
    "Quantity": 60,
    "Revenue": 6511.22,
    "OrderCount": 60
  },
  {
    "Year": 2017,
    "WeekNumber": 34,
    "WeekStartDate": "2017-08-21T00:00:00",
    "Category": "automotivo",
    "Quantity": 44,
    "Revenue": 4849.98,
    "OrderCount": 44
  },
  {
    "Year": 2017,
    "WeekNumber": 34,
    "WeekStartDate": "2017-08-21T00:00:00",
    "Category": "beleza saude",
    "Quantity": 74,
    "Revenue": 10056.77,
    "OrderCount": 74
  },
  {
    "Year": 2017,
    "WeekNumber": 34,
    "WeekStartDate": "2017-08-21T00:00:00",
    "Category": "brinquedos",
    "Quantity": 30,
    "Revenue": 3546.05,
    "OrderCount": 30
  },
  {
    "Year": 2017,
    "WeekNumber": 34,
    "WeekStartDate": "2017-08-21T00:00:00",
    "Category": "cama mesa banho",
    "Quantity": 97,
    "Revenue": 11755.10,
    "OrderCount": 97
  },
  {
    "Year": 2017,
    "WeekNumber": 34,
    "WeekStartDate": "2017-08-21T00:00:00",
    "Category": "cool stuff",
    "Quantity": 50,
    "Revenue": 8891.10,
    "OrderCount": 50
  },
  {
    "Year": 2017,
    "WeekNumber": 34,
    "WeekStartDate": "2017-08-21T00:00:00",
    "Category": "esporte lazer",
    "Quantity": 92,
    "Revenue": 10018.19,
    "OrderCount": 92
  },
  {
    "Year": 2017,
    "WeekNumber": 34,
    "WeekStartDate": "2017-08-21T00:00:00",
    "Category": "ferramentas jardim",
    "Quantity": 34,
    "Revenue": 4578.39,
    "OrderCount": 34
  },
  {
    "Year": 2017,
    "WeekNumber": 34,
    "WeekStartDate": "2017-08-21T00:00:00",
    "Category": "informatica acessorios",
    "Quantity": 73,
    "Revenue": 9395.41,
    "OrderCount": 73
  },
  {
    "Year": 2017,
    "WeekNumber": 34,
    "WeekStartDate": "2017-08-21T00:00:00",
    "Category": "moveis decoracao",
    "Quantity": 105,
    "Revenue": 9402.99,
    "OrderCount": 105
  },
  {
    "Year": 2017,
    "WeekNumber": 34,
    "WeekStartDate": "2017-08-21T00:00:00",
    "Category": "relogios presentes",
    "Quantity": 49,
    "Revenue": 8627.97,
    "OrderCount": 49
  },
  {
    "Year": 2017,
    "WeekNumber": 34,
    "WeekStartDate": "2017-08-21T00:00:00",
    "Category": "telefonia",
    "Quantity": 28,
    "Revenue": 2522.64,
    "OrderCount": 28
  },
  {
    "Year": 2017,
    "WeekNumber": 34,
    "WeekStartDate": "2017-08-21T00:00:00",
    "Category": "utilidades domesticas",
    "Quantity": 50,
    "Revenue": 3792.50,
    "OrderCount": 50
  },
  {
    "Year": 2017,
    "WeekNumber": 35,
    "WeekStartDate": "2017-08-28T00:00:00",
    "Category": "automotivo",
    "Quantity": 23,
    "Revenue": 2764.33,
    "OrderCount": 23
  },
  {
    "Year": 2017,
    "WeekNumber": 35,
    "WeekStartDate": "2017-08-28T00:00:00",
    "Category": "beleza saude",
    "Quantity": 89,
    "Revenue": 10515.70,
    "OrderCount": 89
  },
  {
    "Year": 2017,
    "WeekNumber": 35,
    "WeekStartDate": "2017-08-28T00:00:00",
    "Category": "brinquedos",
    "Quantity": 40,
    "Revenue": 6034.17,
    "OrderCount": 40
  },
  {
    "Year": 2017,
    "WeekNumber": 35,
    "WeekStartDate": "2017-08-28T00:00:00",
    "Category": "cama mesa banho",
    "Quantity": 90,
    "Revenue": 12187.40,
    "OrderCount": 90
  },
  {
    "Year": 2017,
    "WeekNumber": 35,
    "WeekStartDate": "2017-08-28T00:00:00",
    "Category": "cool stuff",
    "Quantity": 45,
    "Revenue": 9188.97,
    "OrderCount": 45
  },
  {
    "Year": 2017,
    "WeekNumber": 35,
    "WeekStartDate": "2017-08-28T00:00:00",
    "Category": "esporte lazer",
    "Quantity": 87,
    "Revenue": 9929.30,
    "OrderCount": 87
  },
  {
    "Year": 2017,
    "WeekNumber": 35,
    "WeekStartDate": "2017-08-28T00:00:00",
    "Category": "ferramentas jardim",
    "Quantity": 65,
    "Revenue": 6580.72,
    "OrderCount": 65
  },
  {
    "Year": 2017,
    "WeekNumber": 35,
    "WeekStartDate": "2017-08-28T00:00:00",
    "Category": "informatica acessorios",
    "Quantity": 57,
    "Revenue": 5826.73,
    "OrderCount": 57
  },
  {
    "Year": 2017,
    "WeekNumber": 35,
    "WeekStartDate": "2017-08-28T00:00:00",
    "Category": "moveis decoracao",
    "Quantity": 96,
    "Revenue": 9182.83,
    "OrderCount": 96
  },
  {
    "Year": 2017,
    "WeekNumber": 35,
    "WeekStartDate": "2017-08-28T00:00:00",
    "Category": "relogios presentes",
    "Quantity": 65,
    "Revenue": 15571.17,
    "OrderCount": 65
  },
  {
    "Year": 2017,
    "WeekNumber": 35,
    "WeekStartDate": "2017-08-28T00:00:00",
    "Category": "telefonia",
    "Quantity": 35,
    "Revenue": 3883.59,
    "OrderCount": 35
  },
  {
    "Year": 2017,
    "WeekNumber": 35,
    "WeekStartDate": "2017-08-28T00:00:00",
    "Category": "utilidades domesticas",
    "Quantity": 77,
    "Revenue": 8757.31,
    "OrderCount": 77
  },
  {
    "Year": 2017,
    "WeekNumber": 36,
    "WeekStartDate": "2017-09-04T00:00:00",
    "Category": "automotivo",
    "Quantity": 18,
    "Revenue": 3469.29,
    "OrderCount": 18
  },
  {
    "Year": 2017,
    "WeekNumber": 36,
    "WeekStartDate": "2017-09-04T00:00:00",
    "Category": "beleza saude",
    "Quantity": 85,
    "Revenue": 14583.50,
    "OrderCount": 85
  },
  {
    "Year": 2017,
    "WeekNumber": 36,
    "WeekStartDate": "2017-09-04T00:00:00",
    "Category": "brinquedos",
    "Quantity": 55,
    "Revenue": 4910.40,
    "OrderCount": 55
  },
  {
    "Year": 2017,
    "WeekNumber": 36,
    "WeekStartDate": "2017-09-04T00:00:00",
    "Category": "cama mesa banho",
    "Quantity": 95,
    "Revenue": 11450.08,
    "OrderCount": 95
  },
  {
    "Year": 2017,
    "WeekNumber": 36,
    "WeekStartDate": "2017-09-04T00:00:00",
    "Category": "cool stuff",
    "Quantity": 42,
    "Revenue": 7700.99,
    "OrderCount": 42
  },
  {
    "Year": 2017,
    "WeekNumber": 36,
    "WeekStartDate": "2017-09-04T00:00:00",
    "Category": "esporte lazer",
    "Quantity": 88,
    "Revenue": 12176.27,
    "OrderCount": 88
  },
  {
    "Year": 2017,
    "WeekNumber": 36,
    "WeekStartDate": "2017-09-04T00:00:00",
    "Category": "ferramentas jardim",
    "Quantity": 49,
    "Revenue": 5605.78,
    "OrderCount": 49
  },
  {
    "Year": 2017,
    "WeekNumber": 36,
    "WeekStartDate": "2017-09-04T00:00:00",
    "Category": "informatica acessorios",
    "Quantity": 56,
    "Revenue": 6918.76,
    "OrderCount": 56
  },
  {
    "Year": 2017,
    "WeekNumber": 36,
    "WeekStartDate": "2017-09-04T00:00:00",
    "Category": "moveis decoracao",
    "Quantity": 85,
    "Revenue": 9595.30,
    "OrderCount": 85
  },
  {
    "Year": 2017,
    "WeekNumber": 36,
    "WeekStartDate": "2017-09-04T00:00:00",
    "Category": "relogios presentes",
    "Quantity": 54,
    "Revenue": 9681.54,
    "OrderCount": 54
  },
  {
    "Year": 2017,
    "WeekNumber": 36,
    "WeekStartDate": "2017-09-04T00:00:00",
    "Category": "telefonia",
    "Quantity": 52,
    "Revenue": 7333.31,
    "OrderCount": 52
  },
  {
    "Year": 2017,
    "WeekNumber": 36,
    "WeekStartDate": "2017-09-04T00:00:00",
    "Category": "utilidades domesticas",
    "Quantity": 47,
    "Revenue": 5822.61,
    "OrderCount": 47
  },
  {
    "Year": 2017,
    "WeekNumber": 37,
    "WeekStartDate": "2017-09-11T00:00:00",
    "Category": "automotivo",
    "Quantity": 22,
    "Revenue": 2339.52,
    "OrderCount": 22
  },
  {
    "Year": 2017,
    "WeekNumber": 37,
    "WeekStartDate": "2017-09-11T00:00:00",
    "Category": "beleza saude",
    "Quantity": 106,
    "Revenue": 17413.95,
    "OrderCount": 106
  },
  {
    "Year": 2017,
    "WeekNumber": 37,
    "WeekStartDate": "2017-09-11T00:00:00",
    "Category": "brinquedos",
    "Quantity": 73,
    "Revenue": 8289.48,
    "OrderCount": 73
  },
  {
    "Year": 2017,
    "WeekNumber": 37,
    "WeekStartDate": "2017-09-11T00:00:00",
    "Category": "cama mesa banho",
    "Quantity": 164,
    "Revenue": 18505.94,
    "OrderCount": 164
  },
  {
    "Year": 2017,
    "WeekNumber": 37,
    "WeekStartDate": "2017-09-11T00:00:00",
    "Category": "cool stuff",
    "Quantity": 49,
    "Revenue": 9408.49,
    "OrderCount": 49
  },
  {
    "Year": 2017,
    "WeekNumber": 37,
    "WeekStartDate": "2017-09-11T00:00:00",
    "Category": "esporte lazer",
    "Quantity": 123,
    "Revenue": 13440.39,
    "OrderCount": 123
  },
  {
    "Year": 2017,
    "WeekNumber": 37,
    "WeekStartDate": "2017-09-11T00:00:00",
    "Category": "ferramentas jardim",
    "Quantity": 60,
    "Revenue": 8993.36,
    "OrderCount": 60
  },
  {
    "Year": 2017,
    "WeekNumber": 37,
    "WeekStartDate": "2017-09-11T00:00:00",
    "Category": "informatica acessorios",
    "Quantity": 72,
    "Revenue": 8527.53,
    "OrderCount": 72
  },
  {
    "Year": 2017,
    "WeekNumber": 37,
    "WeekStartDate": "2017-09-11T00:00:00",
    "Category": "moveis decoracao",
    "Quantity": 76,
    "Revenue": 10909.81,
    "OrderCount": 76
  },
  {
    "Year": 2017,
    "WeekNumber": 37,
    "WeekStartDate": "2017-09-11T00:00:00",
    "Category": "relogios presentes",
    "Quantity": 64,
    "Revenue": 12713.54,
    "OrderCount": 64
  },
  {
    "Year": 2017,
    "WeekNumber": 37,
    "WeekStartDate": "2017-09-11T00:00:00",
    "Category": "telefonia",
    "Quantity": 46,
    "Revenue": 6263.20,
    "OrderCount": 46
  },
  {
    "Year": 2017,
    "WeekNumber": 37,
    "WeekStartDate": "2017-09-11T00:00:00",
    "Category": "utilidades domesticas",
    "Quantity": 80,
    "Revenue": 6261.53,
    "OrderCount": 80
  },
  {
    "Year": 2017,
    "WeekNumber": 38,
    "WeekStartDate": "2017-09-18T00:00:00",
    "Category": "automotivo",
    "Quantity": 28,
    "Revenue": 3237.58,
    "OrderCount": 28
  },
  {
    "Year": 2017,
    "WeekNumber": 38,
    "WeekStartDate": "2017-09-18T00:00:00",
    "Category": "beleza saude",
    "Quantity": 83,
    "Revenue": 11041.00,
    "OrderCount": 83
  },
  {
    "Year": 2017,
    "WeekNumber": 38,
    "WeekStartDate": "2017-09-18T00:00:00",
    "Category": "brinquedos",
    "Quantity": 74,
    "Revenue": 10047.33,
    "OrderCount": 74
  },
  {
    "Year": 2017,
    "WeekNumber": 38,
    "WeekStartDate": "2017-09-18T00:00:00",
    "Category": "cama mesa banho",
    "Quantity": 154,
    "Revenue": 17215.00,
    "OrderCount": 154
  },
  {
    "Year": 2017,
    "WeekNumber": 38,
    "WeekStartDate": "2017-09-18T00:00:00",
    "Category": "cool stuff",
    "Quantity": 46,
    "Revenue": 11067.35,
    "OrderCount": 46
  },
  {
    "Year": 2017,
    "WeekNumber": 38,
    "WeekStartDate": "2017-09-18T00:00:00",
    "Category": "esporte lazer",
    "Quantity": 118,
    "Revenue": 17203.57,
    "OrderCount": 118
  },
  {
    "Year": 2017,
    "WeekNumber": 38,
    "WeekStartDate": "2017-09-18T00:00:00",
    "Category": "ferramentas jardim",
    "Quantity": 45,
    "Revenue": 5491.66,
    "OrderCount": 45
  },
  {
    "Year": 2017,
    "WeekNumber": 38,
    "WeekStartDate": "2017-09-18T00:00:00",
    "Category": "informatica acessorios",
    "Quantity": 50,
    "Revenue": 9088.15,
    "OrderCount": 50
  },
  {
    "Year": 2017,
    "WeekNumber": 38,
    "WeekStartDate": "2017-09-18T00:00:00",
    "Category": "moveis decoracao",
    "Quantity": 88,
    "Revenue": 9047.12,
    "OrderCount": 88
  },
  {
    "Year": 2017,
    "WeekNumber": 38,
    "WeekStartDate": "2017-09-18T00:00:00",
    "Category": "relogios presentes",
    "Quantity": 67,
    "Revenue": 10935.33,
    "OrderCount": 67
  },
  {
    "Year": 2017,
    "WeekNumber": 38,
    "WeekStartDate": "2017-09-18T00:00:00",
    "Category": "telefonia",
    "Quantity": 25,
    "Revenue": 2853.49,
    "OrderCount": 25
  },
  {
    "Year": 2017,
    "WeekNumber": 38,
    "WeekStartDate": "2017-09-18T00:00:00",
    "Category": "utilidades domesticas",
    "Quantity": 48,
    "Revenue": 4572.01,
    "OrderCount": 48
  },
  {
    "Year": 2017,
    "WeekNumber": 39,
    "WeekStartDate": "2017-09-25T00:00:00",
    "Category": "automotivo",
    "Quantity": 37,
    "Revenue": 8014.05,
    "OrderCount": 37
  },
  {
    "Year": 2017,
    "WeekNumber": 39,
    "WeekStartDate": "2017-09-25T00:00:00",
    "Category": "beleza saude",
    "Quantity": 78,
    "Revenue": 12298.05,
    "OrderCount": 78
  },
  {
    "Year": 2017,
    "WeekNumber": 39,
    "WeekStartDate": "2017-09-25T00:00:00",
    "Category": "brinquedos",
    "Quantity": 85,
    "Revenue": 10776.07,
    "OrderCount": 85
  },
  {
    "Year": 2017,
    "WeekNumber": 39,
    "WeekStartDate": "2017-09-25T00:00:00",
    "Category": "cama mesa banho",
    "Quantity": 97,
    "Revenue": 12031.99,
    "OrderCount": 97
  },
  {
    "Year": 2017,
    "WeekNumber": 39,
    "WeekStartDate": "2017-09-25T00:00:00",
    "Category": "cool stuff",
    "Quantity": 55,
    "Revenue": 9546.33,
    "OrderCount": 55
  },
  {
    "Year": 2017,
    "WeekNumber": 39,
    "WeekStartDate": "2017-09-25T00:00:00",
    "Category": "esporte lazer",
    "Quantity": 101,
    "Revenue": 11237.56,
    "OrderCount": 101
  },
  {
    "Year": 2017,
    "WeekNumber": 39,
    "WeekStartDate": "2017-09-25T00:00:00",
    "Category": "ferramentas jardim",
    "Quantity": 58,
    "Revenue": 7348.08,
    "OrderCount": 58
  },
  {
    "Year": 2017,
    "WeekNumber": 39,
    "WeekStartDate": "2017-09-25T00:00:00",
    "Category": "informatica acessorios",
    "Quantity": 55,
    "Revenue": 6575.59,
    "OrderCount": 55
  },
  {
    "Year": 2017,
    "WeekNumber": 39,
    "WeekStartDate": "2017-09-25T00:00:00",
    "Category": "moveis decoracao",
    "Quantity": 63,
    "Revenue": 5820.43,
    "OrderCount": 63
  },
  {
    "Year": 2017,
    "WeekNumber": 39,
    "WeekStartDate": "2017-09-25T00:00:00",
    "Category": "relogios presentes",
    "Quantity": 55,
    "Revenue": 9388.36,
    "OrderCount": 55
  },
  {
    "Year": 2017,
    "WeekNumber": 39,
    "WeekStartDate": "2017-09-25T00:00:00",
    "Category": "telefonia",
    "Quantity": 35,
    "Revenue": 2966.68,
    "OrderCount": 35
  },
  {
    "Year": 2017,
    "WeekNumber": 39,
    "WeekStartDate": "2017-09-25T00:00:00",
    "Category": "utilidades domesticas",
    "Quantity": 49,
    "Revenue": 5754.02,
    "OrderCount": 49
  },
  {
    "Year": 2017,
    "WeekNumber": 40,
    "WeekStartDate": "2017-10-02T00:00:00",
    "Category": "automotivo",
    "Quantity": 33,
    "Revenue": 6686.27,
    "OrderCount": 33
  },
  {
    "Year": 2017,
    "WeekNumber": 40,
    "WeekStartDate": "2017-10-02T00:00:00",
    "Category": "beleza saude",
    "Quantity": 74,
    "Revenue": 10575.31,
    "OrderCount": 74
  },
  {
    "Year": 2017,
    "WeekNumber": 40,
    "WeekStartDate": "2017-10-02T00:00:00",
    "Category": "brinquedos",
    "Quantity": 86,
    "Revenue": 10866.33,
    "OrderCount": 86
  },
  {
    "Year": 2017,
    "WeekNumber": 40,
    "WeekStartDate": "2017-10-02T00:00:00",
    "Category": "cama mesa banho",
    "Quantity": 97,
    "Revenue": 9425.49,
    "OrderCount": 97
  },
  {
    "Year": 2017,
    "WeekNumber": 40,
    "WeekStartDate": "2017-10-02T00:00:00",
    "Category": "cool stuff",
    "Quantity": 50,
    "Revenue": 9725.67,
    "OrderCount": 50
  },
  {
    "Year": 2017,
    "WeekNumber": 40,
    "WeekStartDate": "2017-10-02T00:00:00",
    "Category": "esporte lazer",
    "Quantity": 116,
    "Revenue": 15583.07,
    "OrderCount": 116
  },
  {
    "Year": 2017,
    "WeekNumber": 40,
    "WeekStartDate": "2017-10-02T00:00:00",
    "Category": "ferramentas jardim",
    "Quantity": 80,
    "Revenue": 10191.09,
    "OrderCount": 80
  },
  {
    "Year": 2017,
    "WeekNumber": 40,
    "WeekStartDate": "2017-10-02T00:00:00",
    "Category": "informatica acessorios",
    "Quantity": 62,
    "Revenue": 9218.76,
    "OrderCount": 62
  },
  {
    "Year": 2017,
    "WeekNumber": 40,
    "WeekStartDate": "2017-10-02T00:00:00",
    "Category": "moveis decoracao",
    "Quantity": 67,
    "Revenue": 7212.40,
    "OrderCount": 67
  },
  {
    "Year": 2017,
    "WeekNumber": 40,
    "WeekStartDate": "2017-10-02T00:00:00",
    "Category": "relogios presentes",
    "Quantity": 54,
    "Revenue": 12033.96,
    "OrderCount": 54
  },
  {
    "Year": 2017,
    "WeekNumber": 40,
    "WeekStartDate": "2017-10-02T00:00:00",
    "Category": "telefonia",
    "Quantity": 48,
    "Revenue": 5056.22,
    "OrderCount": 48
  },
  {
    "Year": 2017,
    "WeekNumber": 40,
    "WeekStartDate": "2017-10-02T00:00:00",
    "Category": "utilidades domesticas",
    "Quantity": 48,
    "Revenue": 4223.99,
    "OrderCount": 48
  },
  {
    "Year": 2017,
    "WeekNumber": 41,
    "WeekStartDate": "2017-10-09T00:00:00",
    "Category": "automotivo",
    "Quantity": 41,
    "Revenue": 6254.01,
    "OrderCount": 41
  },
  {
    "Year": 2017,
    "WeekNumber": 41,
    "WeekStartDate": "2017-10-09T00:00:00",
    "Category": "beleza saude",
    "Quantity": 68,
    "Revenue": 9376.41,
    "OrderCount": 68
  },
  {
    "Year": 2017,
    "WeekNumber": 41,
    "WeekStartDate": "2017-10-09T00:00:00",
    "Category": "brinquedos",
    "Quantity": 71,
    "Revenue": 10447.70,
    "OrderCount": 71
  },
  {
    "Year": 2017,
    "WeekNumber": 41,
    "WeekStartDate": "2017-10-09T00:00:00",
    "Category": "cama mesa banho",
    "Quantity": 120,
    "Revenue": 11986.03,
    "OrderCount": 120
  },
  {
    "Year": 2017,
    "WeekNumber": 41,
    "WeekStartDate": "2017-10-09T00:00:00",
    "Category": "cool stuff",
    "Quantity": 61,
    "Revenue": 11585.80,
    "OrderCount": 61
  },
  {
    "Year": 2017,
    "WeekNumber": 41,
    "WeekStartDate": "2017-10-09T00:00:00",
    "Category": "esporte lazer",
    "Quantity": 105,
    "Revenue": 12261.49,
    "OrderCount": 105
  },
  {
    "Year": 2017,
    "WeekNumber": 41,
    "WeekStartDate": "2017-10-09T00:00:00",
    "Category": "ferramentas jardim",
    "Quantity": 45,
    "Revenue": 4366.41,
    "OrderCount": 45
  },
  {
    "Year": 2017,
    "WeekNumber": 41,
    "WeekStartDate": "2017-10-09T00:00:00",
    "Category": "informatica acessorios",
    "Quantity": 71,
    "Revenue": 11568.23,
    "OrderCount": 71
  },
  {
    "Year": 2017,
    "WeekNumber": 41,
    "WeekStartDate": "2017-10-09T00:00:00",
    "Category": "moveis decoracao",
    "Quantity": 76,
    "Revenue": 8290.24,
    "OrderCount": 76
  },
  {
    "Year": 2017,
    "WeekNumber": 41,
    "WeekStartDate": "2017-10-09T00:00:00",
    "Category": "relogios presentes",
    "Quantity": 64,
    "Revenue": 16098.13,
    "OrderCount": 64
  },
  {
    "Year": 2017,
    "WeekNumber": 41,
    "WeekStartDate": "2017-10-09T00:00:00",
    "Category": "telefonia",
    "Quantity": 57,
    "Revenue": 4492.63,
    "OrderCount": 57
  },
  {
    "Year": 2017,
    "WeekNumber": 41,
    "WeekStartDate": "2017-10-09T00:00:00",
    "Category": "utilidades domesticas",
    "Quantity": 59,
    "Revenue": 4258.19,
    "OrderCount": 59
  },
  {
    "Year": 2017,
    "WeekNumber": 42,
    "WeekStartDate": "2017-10-16T00:00:00",
    "Category": "automotivo",
    "Quantity": 38,
    "Revenue": 6902.20,
    "OrderCount": 38
  },
  {
    "Year": 2017,
    "WeekNumber": 42,
    "WeekStartDate": "2017-10-16T00:00:00",
    "Category": "beleza saude",
    "Quantity": 102,
    "Revenue": 16292.98,
    "OrderCount": 102
  },
  {
    "Year": 2017,
    "WeekNumber": 42,
    "WeekStartDate": "2017-10-16T00:00:00",
    "Category": "brinquedos",
    "Quantity": 52,
    "Revenue": 7593.81,
    "OrderCount": 52
  },
  {
    "Year": 2017,
    "WeekNumber": 42,
    "WeekStartDate": "2017-10-16T00:00:00",
    "Category": "cama mesa banho",
    "Quantity": 140,
    "Revenue": 13750.97,
    "OrderCount": 140
  },
  {
    "Year": 2017,
    "WeekNumber": 42,
    "WeekStartDate": "2017-10-16T00:00:00",
    "Category": "cool stuff",
    "Quantity": 62,
    "Revenue": 13005.11,
    "OrderCount": 62
  },
  {
    "Year": 2017,
    "WeekNumber": 42,
    "WeekStartDate": "2017-10-16T00:00:00",
    "Category": "esporte lazer",
    "Quantity": 110,
    "Revenue": 14032.14,
    "OrderCount": 110
  },
  {
    "Year": 2017,
    "WeekNumber": 42,
    "WeekStartDate": "2017-10-16T00:00:00",
    "Category": "ferramentas jardim",
    "Quantity": 57,
    "Revenue": 5605.72,
    "OrderCount": 57
  },
  {
    "Year": 2017,
    "WeekNumber": 42,
    "WeekStartDate": "2017-10-16T00:00:00",
    "Category": "informatica acessorios",
    "Quantity": 70,
    "Revenue": 9547.48,
    "OrderCount": 70
  },
  {
    "Year": 2017,
    "WeekNumber": 42,
    "WeekStartDate": "2017-10-16T00:00:00",
    "Category": "moveis decoracao",
    "Quantity": 100,
    "Revenue": 10592.11,
    "OrderCount": 100
  },
  {
    "Year": 2017,
    "WeekNumber": 42,
    "WeekStartDate": "2017-10-16T00:00:00",
    "Category": "relogios presentes",
    "Quantity": 99,
    "Revenue": 23022.57,
    "OrderCount": 99
  },
  {
    "Year": 2017,
    "WeekNumber": 42,
    "WeekStartDate": "2017-10-16T00:00:00",
    "Category": "telefonia",
    "Quantity": 71,
    "Revenue": 7807.56,
    "OrderCount": 71
  },
  {
    "Year": 2017,
    "WeekNumber": 42,
    "WeekStartDate": "2017-10-16T00:00:00",
    "Category": "utilidades domesticas",
    "Quantity": 60,
    "Revenue": 5699.83,
    "OrderCount": 60
  },
  {
    "Year": 2017,
    "WeekNumber": 43,
    "WeekStartDate": "2017-10-23T00:00:00",
    "Category": "automotivo",
    "Quantity": 27,
    "Revenue": 3255.34,
    "OrderCount": 27
  },
  {
    "Year": 2017,
    "WeekNumber": 43,
    "WeekStartDate": "2017-10-23T00:00:00",
    "Category": "beleza saude",
    "Quantity": 83,
    "Revenue": 9116.36,
    "OrderCount": 83
  },
  {
    "Year": 2017,
    "WeekNumber": 43,
    "WeekStartDate": "2017-10-23T00:00:00",
    "Category": "brinquedos",
    "Quantity": 51,
    "Revenue": 6601.63,
    "OrderCount": 51
  },
  {
    "Year": 2017,
    "WeekNumber": 43,
    "WeekStartDate": "2017-10-23T00:00:00",
    "Category": "cama mesa banho",
    "Quantity": 132,
    "Revenue": 13692.67,
    "OrderCount": 132
  },
  {
    "Year": 2017,
    "WeekNumber": 43,
    "WeekStartDate": "2017-10-23T00:00:00",
    "Category": "cool stuff",
    "Quantity": 57,
    "Revenue": 12297.81,
    "OrderCount": 57
  },
  {
    "Year": 2017,
    "WeekNumber": 43,
    "WeekStartDate": "2017-10-23T00:00:00",
    "Category": "esporte lazer",
    "Quantity": 87,
    "Revenue": 9830.72,
    "OrderCount": 87
  },
  {
    "Year": 2017,
    "WeekNumber": 43,
    "WeekStartDate": "2017-10-23T00:00:00",
    "Category": "ferramentas jardim",
    "Quantity": 62,
    "Revenue": 6831.07,
    "OrderCount": 62
  },
  {
    "Year": 2017,
    "WeekNumber": 43,
    "WeekStartDate": "2017-10-23T00:00:00",
    "Category": "informatica acessorios",
    "Quantity": 72,
    "Revenue": 12269.09,
    "OrderCount": 72
  },
  {
    "Year": 2017,
    "WeekNumber": 43,
    "WeekStartDate": "2017-10-23T00:00:00",
    "Category": "moveis decoracao",
    "Quantity": 95,
    "Revenue": 7798.71,
    "OrderCount": 95
  },
  {
    "Year": 2017,
    "WeekNumber": 43,
    "WeekStartDate": "2017-10-23T00:00:00",
    "Category": "relogios presentes",
    "Quantity": 70,
    "Revenue": 14056.11,
    "OrderCount": 70
  },
  {
    "Year": 2017,
    "WeekNumber": 43,
    "WeekStartDate": "2017-10-23T00:00:00",
    "Category": "telefonia",
    "Quantity": 49,
    "Revenue": 4900.65,
    "OrderCount": 49
  },
  {
    "Year": 2017,
    "WeekNumber": 43,
    "WeekStartDate": "2017-10-23T00:00:00",
    "Category": "utilidades domesticas",
    "Quantity": 46,
    "Revenue": 4274.47,
    "OrderCount": 46
  },
  {
    "Year": 2017,
    "WeekNumber": 44,
    "WeekStartDate": "2017-10-30T00:00:00",
    "Category": "automotivo",
    "Quantity": 22,
    "Revenue": 5222.50,
    "OrderCount": 22
  },
  {
    "Year": 2017,
    "WeekNumber": 44,
    "WeekStartDate": "2017-10-30T00:00:00",
    "Category": "beleza saude",
    "Quantity": 64,
    "Revenue": 8492.68,
    "OrderCount": 64
  },
  {
    "Year": 2017,
    "WeekNumber": 44,
    "WeekStartDate": "2017-10-30T00:00:00",
    "Category": "brinquedos",
    "Quantity": 35,
    "Revenue": 6136.93,
    "OrderCount": 35
  },
  {
    "Year": 2017,
    "WeekNumber": 44,
    "WeekStartDate": "2017-10-30T00:00:00",
    "Category": "cama mesa banho",
    "Quantity": 126,
    "Revenue": 13682.05,
    "OrderCount": 126
  },
  {
    "Year": 2017,
    "WeekNumber": 44,
    "WeekStartDate": "2017-10-30T00:00:00",
    "Category": "cool stuff",
    "Quantity": 58,
    "Revenue": 13014.08,
    "OrderCount": 58
  },
  {
    "Year": 2017,
    "WeekNumber": 44,
    "WeekStartDate": "2017-10-30T00:00:00",
    "Category": "esporte lazer",
    "Quantity": 94,
    "Revenue": 12667.25,
    "OrderCount": 94
  },
  {
    "Year": 2017,
    "WeekNumber": 44,
    "WeekStartDate": "2017-10-30T00:00:00",
    "Category": "ferramentas jardim",
    "Quantity": 71,
    "Revenue": 8000.09,
    "OrderCount": 71
  },
  {
    "Year": 2017,
    "WeekNumber": 44,
    "WeekStartDate": "2017-10-30T00:00:00",
    "Category": "informatica acessorios",
    "Quantity": 67,
    "Revenue": 10096.73,
    "OrderCount": 67
  },
  {
    "Year": 2017,
    "WeekNumber": 44,
    "WeekStartDate": "2017-10-30T00:00:00",
    "Category": "moveis decoracao",
    "Quantity": 70,
    "Revenue": 7041.52,
    "OrderCount": 70
  },
  {
    "Year": 2017,
    "WeekNumber": 44,
    "WeekStartDate": "2017-10-30T00:00:00",
    "Category": "relogios presentes",
    "Quantity": 60,
    "Revenue": 14185.08,
    "OrderCount": 60
  },
  {
    "Year": 2017,
    "WeekNumber": 44,
    "WeekStartDate": "2017-10-30T00:00:00",
    "Category": "telefonia",
    "Quantity": 42,
    "Revenue": 4551.24,
    "OrderCount": 42
  },
  {
    "Year": 2017,
    "WeekNumber": 44,
    "WeekStartDate": "2017-10-30T00:00:00",
    "Category": "utilidades domesticas",
    "Quantity": 52,
    "Revenue": 5363.93,
    "OrderCount": 52
  },
  {
    "Year": 2017,
    "WeekNumber": 45,
    "WeekStartDate": "2017-11-06T00:00:00",
    "Category": "automotivo",
    "Quantity": 46,
    "Revenue": 5334.31,
    "OrderCount": 46
  },
  {
    "Year": 2017,
    "WeekNumber": 45,
    "WeekStartDate": "2017-11-06T00:00:00",
    "Category": "beleza saude",
    "Quantity": 85,
    "Revenue": 11130.93,
    "OrderCount": 85
  },
  {
    "Year": 2017,
    "WeekNumber": 45,
    "WeekStartDate": "2017-11-06T00:00:00",
    "Category": "brinquedos",
    "Quantity": 56,
    "Revenue": 7455.00,
    "OrderCount": 56
  },
  {
    "Year": 2017,
    "WeekNumber": 45,
    "WeekStartDate": "2017-11-06T00:00:00",
    "Category": "cama mesa banho",
    "Quantity": 150,
    "Revenue": 16169.88,
    "OrderCount": 150
  },
  {
    "Year": 2017,
    "WeekNumber": 45,
    "WeekStartDate": "2017-11-06T00:00:00",
    "Category": "cool stuff",
    "Quantity": 63,
    "Revenue": 13742.83,
    "OrderCount": 63
  },
  {
    "Year": 2017,
    "WeekNumber": 45,
    "WeekStartDate": "2017-11-06T00:00:00",
    "Category": "esporte lazer",
    "Quantity": 101,
    "Revenue": 13326.62,
    "OrderCount": 101
  },
  {
    "Year": 2017,
    "WeekNumber": 45,
    "WeekStartDate": "2017-11-06T00:00:00",
    "Category": "ferramentas jardim",
    "Quantity": 72,
    "Revenue": 9242.40,
    "OrderCount": 72
  },
  {
    "Year": 2017,
    "WeekNumber": 45,
    "WeekStartDate": "2017-11-06T00:00:00",
    "Category": "informatica acessorios",
    "Quantity": 81,
    "Revenue": 11403.79,
    "OrderCount": 81
  },
  {
    "Year": 2017,
    "WeekNumber": 45,
    "WeekStartDate": "2017-11-06T00:00:00",
    "Category": "moveis decoracao",
    "Quantity": 114,
    "Revenue": 10574.32,
    "OrderCount": 114
  },
  {
    "Year": 2017,
    "WeekNumber": 45,
    "WeekStartDate": "2017-11-06T00:00:00",
    "Category": "relogios presentes",
    "Quantity": 98,
    "Revenue": 22725.40,
    "OrderCount": 98
  },
  {
    "Year": 2017,
    "WeekNumber": 45,
    "WeekStartDate": "2017-11-06T00:00:00",
    "Category": "telefonia",
    "Quantity": 65,
    "Revenue": 5350.95,
    "OrderCount": 65
  },
  {
    "Year": 2017,
    "WeekNumber": 45,
    "WeekStartDate": "2017-11-06T00:00:00",
    "Category": "utilidades domesticas",
    "Quantity": 62,
    "Revenue": 6241.26,
    "OrderCount": 62
  },
  {
    "Year": 2017,
    "WeekNumber": 46,
    "WeekStartDate": "2017-11-13T00:00:00",
    "Category": "automotivo",
    "Quantity": 41,
    "Revenue": 5604.43,
    "OrderCount": 41
  },
  {
    "Year": 2017,
    "WeekNumber": 46,
    "WeekStartDate": "2017-11-13T00:00:00",
    "Category": "beleza saude",
    "Quantity": 85,
    "Revenue": 14710.36,
    "OrderCount": 85
  },
  {
    "Year": 2017,
    "WeekNumber": 46,
    "WeekStartDate": "2017-11-13T00:00:00",
    "Category": "brinquedos",
    "Quantity": 74,
    "Revenue": 13078.10,
    "OrderCount": 74
  },
  {
    "Year": 2017,
    "WeekNumber": 46,
    "WeekStartDate": "2017-11-13T00:00:00",
    "Category": "cama mesa banho",
    "Quantity": 136,
    "Revenue": 16201.24,
    "OrderCount": 136
  },
  {
    "Year": 2017,
    "WeekNumber": 46,
    "WeekStartDate": "2017-11-13T00:00:00",
    "Category": "cool stuff",
    "Quantity": 57,
    "Revenue": 11822.05,
    "OrderCount": 57
  },
  {
    "Year": 2017,
    "WeekNumber": 46,
    "WeekStartDate": "2017-11-13T00:00:00",
    "Category": "esporte lazer",
    "Quantity": 94,
    "Revenue": 11953.38,
    "OrderCount": 94
  },
  {
    "Year": 2017,
    "WeekNumber": 46,
    "WeekStartDate": "2017-11-13T00:00:00",
    "Category": "ferramentas jardim",
    "Quantity": 84,
    "Revenue": 10669.44,
    "OrderCount": 84
  },
  {
    "Year": 2017,
    "WeekNumber": 46,
    "WeekStartDate": "2017-11-13T00:00:00",
    "Category": "informatica acessorios",
    "Quantity": 94,
    "Revenue": 13628.79,
    "OrderCount": 94
  },
  {
    "Year": 2017,
    "WeekNumber": 46,
    "WeekStartDate": "2017-11-13T00:00:00",
    "Category": "moveis decoracao",
    "Quantity": 139,
    "Revenue": 13243.81,
    "OrderCount": 139
  },
  {
    "Year": 2017,
    "WeekNumber": 46,
    "WeekStartDate": "2017-11-13T00:00:00",
    "Category": "relogios presentes",
    "Quantity": 94,
    "Revenue": 16125.50,
    "OrderCount": 94
  },
  {
    "Year": 2017,
    "WeekNumber": 46,
    "WeekStartDate": "2017-11-13T00:00:00",
    "Category": "telefonia",
    "Quantity": 52,
    "Revenue": 3964.50,
    "OrderCount": 52
  },
  {
    "Year": 2017,
    "WeekNumber": 46,
    "WeekStartDate": "2017-11-13T00:00:00",
    "Category": "utilidades domesticas",
    "Quantity": 68,
    "Revenue": 7263.54,
    "OrderCount": 68
  },
  {
    "Year": 2017,
    "WeekNumber": 47,
    "WeekStartDate": "2017-11-20T00:00:00",
    "Category": "automotivo",
    "Quantity": 103,
    "Revenue": 15752.62,
    "OrderCount": 103
  },
  {
    "Year": 2017,
    "WeekNumber": 47,
    "WeekStartDate": "2017-11-20T00:00:00",
    "Category": "beleza saude",
    "Quantity": 238,
    "Revenue": 40395.62,
    "OrderCount": 238
  },
  {
    "Year": 2017,
    "WeekNumber": 47,
    "WeekStartDate": "2017-11-20T00:00:00",
    "Category": "brinquedos",
    "Quantity": 204,
    "Revenue": 28618.97,
    "OrderCount": 204
  },
  {
    "Year": 2017,
    "WeekNumber": 47,
    "WeekStartDate": "2017-11-20T00:00:00",
    "Category": "cama mesa banho",
    "Quantity": 430,
    "Revenue": 46379.82,
    "OrderCount": 430
  },
  {
    "Year": 2017,
    "WeekNumber": 47,
    "WeekStartDate": "2017-11-20T00:00:00",
    "Category": "cool stuff",
    "Quantity": 91,
    "Revenue": 20954.86,
    "OrderCount": 91
  },
  {
    "Year": 2017,
    "WeekNumber": 47,
    "WeekStartDate": "2017-11-20T00:00:00",
    "Category": "esporte lazer",
    "Quantity": 222,
    "Revenue": 25702.81,
    "OrderCount": 222
  },
  {
    "Year": 2017,
    "WeekNumber": 47,
    "WeekStartDate": "2017-11-20T00:00:00",
    "Category": "ferramentas jardim",
    "Quantity": 268,
    "Revenue": 22285.38,
    "OrderCount": 268
  },
  {
    "Year": 2017,
    "WeekNumber": 47,
    "WeekStartDate": "2017-11-20T00:00:00",
    "Category": "informatica acessorios",
    "Quantity": 198,
    "Revenue": 34778.08,
    "OrderCount": 198
  },
  {
    "Year": 2017,
    "WeekNumber": 47,
    "WeekStartDate": "2017-11-20T00:00:00",
    "Category": "moveis decoracao",
    "Quantity": 351,
    "Revenue": 33572.60,
    "OrderCount": 351
  },
  {
    "Year": 2017,
    "WeekNumber": 47,
    "WeekStartDate": "2017-11-20T00:00:00",
    "Category": "relogios presentes",
    "Quantity": 163,
    "Revenue": 40712.96,
    "OrderCount": 163
  },
  {
    "Year": 2017,
    "WeekNumber": 47,
    "WeekStartDate": "2017-11-20T00:00:00",
    "Category": "telefonia",
    "Quantity": 159,
    "Revenue": 13376.67,
    "OrderCount": 159
  },
  {
    "Year": 2017,
    "WeekNumber": 47,
    "WeekStartDate": "2017-11-20T00:00:00",
    "Category": "utilidades domesticas",
    "Quantity": 167,
    "Revenue": 17540.80,
    "OrderCount": 167
  },
  {
    "Year": 2017,
    "WeekNumber": 48,
    "WeekStartDate": "2017-11-27T00:00:00",
    "Category": "automotivo",
    "Quantity": 80,
    "Revenue": 13771.34,
    "OrderCount": 80
  },
  {
    "Year": 2017,
    "WeekNumber": 48,
    "WeekStartDate": "2017-11-27T00:00:00",
    "Category": "beleza saude",
    "Quantity": 183,
    "Revenue": 25397.02,
    "OrderCount": 183
  },
  {
    "Year": 2017,
    "WeekNumber": 48,
    "WeekStartDate": "2017-11-27T00:00:00",
    "Category": "brinquedos",
    "Quantity": 209,
    "Revenue": 29032.63,
    "OrderCount": 209
  },
  {
    "Year": 2017,
    "WeekNumber": 48,
    "WeekStartDate": "2017-11-27T00:00:00",
    "Category": "cama mesa banho",
    "Quantity": 236,
    "Revenue": 25858.26,
    "OrderCount": 236
  },
  {
    "Year": 2017,
    "WeekNumber": 48,
    "WeekStartDate": "2017-11-27T00:00:00",
    "Category": "cool stuff",
    "Quantity": 72,
    "Revenue": 10365.44,
    "OrderCount": 72
  },
  {
    "Year": 2017,
    "WeekNumber": 48,
    "WeekStartDate": "2017-11-27T00:00:00",
    "Category": "esporte lazer",
    "Quantity": 179,
    "Revenue": 22215.22,
    "OrderCount": 179
  },
  {
    "Year": 2017,
    "WeekNumber": 48,
    "WeekStartDate": "2017-11-27T00:00:00",
    "Category": "ferramentas jardim",
    "Quantity": 97,
    "Revenue": 10266.27,
    "OrderCount": 97
  },
  {
    "Year": 2017,
    "WeekNumber": 48,
    "WeekStartDate": "2017-11-27T00:00:00",
    "Category": "informatica acessorios",
    "Quantity": 138,
    "Revenue": 19698.65,
    "OrderCount": 138
  },
  {
    "Year": 2017,
    "WeekNumber": 48,
    "WeekStartDate": "2017-11-27T00:00:00",
    "Category": "moveis decoracao",
    "Quantity": 176,
    "Revenue": 20396.14,
    "OrderCount": 176
  },
  {
    "Year": 2017,
    "WeekNumber": 48,
    "WeekStartDate": "2017-11-27T00:00:00",
    "Category": "relogios presentes",
    "Quantity": 113,
    "Revenue": 27004.68,
    "OrderCount": 113
  },
  {
    "Year": 2017,
    "WeekNumber": 48,
    "WeekStartDate": "2017-11-27T00:00:00",
    "Category": "telefonia",
    "Quantity": 96,
    "Revenue": 9567.06,
    "OrderCount": 96
  },
  {
    "Year": 2017,
    "WeekNumber": 48,
    "WeekStartDate": "2017-11-27T00:00:00",
    "Category": "utilidades domesticas",
    "Quantity": 113,
    "Revenue": 10646.30,
    "OrderCount": 113
  },
  {
    "Year": 2017,
    "WeekNumber": 49,
    "WeekStartDate": "2017-12-04T00:00:00",
    "Category": "automotivo",
    "Quantity": 85,
    "Revenue": 13962.37,
    "OrderCount": 85
  },
  {
    "Year": 2017,
    "WeekNumber": 49,
    "WeekStartDate": "2017-12-04T00:00:00",
    "Category": "beleza saude",
    "Quantity": 137,
    "Revenue": 20599.77,
    "OrderCount": 137
  },
  {
    "Year": 2017,
    "WeekNumber": 49,
    "WeekStartDate": "2017-12-04T00:00:00",
    "Category": "brinquedos",
    "Quantity": 172,
    "Revenue": 23974.46,
    "OrderCount": 172
  },
  {
    "Year": 2017,
    "WeekNumber": 49,
    "WeekStartDate": "2017-12-04T00:00:00",
    "Category": "cama mesa banho",
    "Quantity": 137,
    "Revenue": 15269.21,
    "OrderCount": 137
  },
  {
    "Year": 2017,
    "WeekNumber": 49,
    "WeekStartDate": "2017-12-04T00:00:00",
    "Category": "cool stuff",
    "Quantity": 88,
    "Revenue": 16966.84,
    "OrderCount": 88
  },
  {
    "Year": 2017,
    "WeekNumber": 49,
    "WeekStartDate": "2017-12-04T00:00:00",
    "Category": "esporte lazer",
    "Quantity": 159,
    "Revenue": 21431.66,
    "OrderCount": 159
  },
  {
    "Year": 2017,
    "WeekNumber": 49,
    "WeekStartDate": "2017-12-04T00:00:00",
    "Category": "ferramentas jardim",
    "Quantity": 106,
    "Revenue": 11665.53,
    "OrderCount": 106
  },
  {
    "Year": 2017,
    "WeekNumber": 49,
    "WeekStartDate": "2017-12-04T00:00:00",
    "Category": "informatica acessorios",
    "Quantity": 88,
    "Revenue": 10825.68,
    "OrderCount": 88
  },
  {
    "Year": 2017,
    "WeekNumber": 49,
    "WeekStartDate": "2017-12-04T00:00:00",
    "Category": "moveis decoracao",
    "Quantity": 106,
    "Revenue": 10905.57,
    "OrderCount": 106
  },
  {
    "Year": 2017,
    "WeekNumber": 49,
    "WeekStartDate": "2017-12-04T00:00:00",
    "Category": "relogios presentes",
    "Quantity": 79,
    "Revenue": 19106.58,
    "OrderCount": 79
  },
  {
    "Year": 2017,
    "WeekNumber": 49,
    "WeekStartDate": "2017-12-04T00:00:00",
    "Category": "telefonia",
    "Quantity": 72,
    "Revenue": 5507.42,
    "OrderCount": 72
  },
  {
    "Year": 2017,
    "WeekNumber": 49,
    "WeekStartDate": "2017-12-04T00:00:00",
    "Category": "utilidades domesticas",
    "Quantity": 87,
    "Revenue": 8903.03,
    "OrderCount": 87
  },
  {
    "Year": 2017,
    "WeekNumber": 50,
    "WeekStartDate": "2017-12-11T00:00:00",
    "Category": "automotivo",
    "Quantity": 85,
    "Revenue": 13307.66,
    "OrderCount": 85
  },
  {
    "Year": 2017,
    "WeekNumber": 50,
    "WeekStartDate": "2017-12-11T00:00:00",
    "Category": "beleza saude",
    "Quantity": 118,
    "Revenue": 21390.39,
    "OrderCount": 118
  },
  {
    "Year": 2017,
    "WeekNumber": 50,
    "WeekStartDate": "2017-12-11T00:00:00",
    "Category": "brinquedos",
    "Quantity": 105,
    "Revenue": 14368.39,
    "OrderCount": 105
  },
  {
    "Year": 2017,
    "WeekNumber": 50,
    "WeekStartDate": "2017-12-11T00:00:00",
    "Category": "cama mesa banho",
    "Quantity": 122,
    "Revenue": 12650.25,
    "OrderCount": 122
  },
  {
    "Year": 2017,
    "WeekNumber": 50,
    "WeekStartDate": "2017-12-11T00:00:00",
    "Category": "cool stuff",
    "Quantity": 64,
    "Revenue": 9854.26,
    "OrderCount": 64
  },
  {
    "Year": 2017,
    "WeekNumber": 50,
    "WeekStartDate": "2017-12-11T00:00:00",
    "Category": "esporte lazer",
    "Quantity": 128,
    "Revenue": 18632.32,
    "OrderCount": 128
  },
  {
    "Year": 2017,
    "WeekNumber": 50,
    "WeekStartDate": "2017-12-11T00:00:00",
    "Category": "ferramentas jardim",
    "Quantity": 77,
    "Revenue": 8669.00,
    "OrderCount": 77
  },
  {
    "Year": 2017,
    "WeekNumber": 50,
    "WeekStartDate": "2017-12-11T00:00:00",
    "Category": "informatica acessorios",
    "Quantity": 56,
    "Revenue": 11370.24,
    "OrderCount": 56
  },
  {
    "Year": 2017,
    "WeekNumber": 50,
    "WeekStartDate": "2017-12-11T00:00:00",
    "Category": "moveis decoracao",
    "Quantity": 86,
    "Revenue": 8223.68,
    "OrderCount": 86
  },
  {
    "Year": 2017,
    "WeekNumber": 50,
    "WeekStartDate": "2017-12-11T00:00:00",
    "Category": "relogios presentes",
    "Quantity": 108,
    "Revenue": 19516.68,
    "OrderCount": 108
  },
  {
    "Year": 2017,
    "WeekNumber": 50,
    "WeekStartDate": "2017-12-11T00:00:00",
    "Category": "telefonia",
    "Quantity": 50,
    "Revenue": 2690.26,
    "OrderCount": 50
  },
  {
    "Year": 2017,
    "WeekNumber": 50,
    "WeekStartDate": "2017-12-11T00:00:00",
    "Category": "utilidades domesticas",
    "Quantity": 67,
    "Revenue": 6608.71,
    "OrderCount": 67
  },
  {
    "Year": 2017,
    "WeekNumber": 51,
    "WeekStartDate": "2017-12-18T00:00:00",
    "Category": "automotivo",
    "Quantity": 46,
    "Revenue": 9895.82,
    "OrderCount": 46
  },
  {
    "Year": 2017,
    "WeekNumber": 51,
    "WeekStartDate": "2017-12-18T00:00:00",
    "Category": "beleza saude",
    "Quantity": 81,
    "Revenue": 9708.24,
    "OrderCount": 81
  },
  {
    "Year": 2017,
    "WeekNumber": 51,
    "WeekStartDate": "2017-12-18T00:00:00",
    "Category": "brinquedos",
    "Quantity": 41,
    "Revenue": 6906.99,
    "OrderCount": 41
  },
  {
    "Year": 2017,
    "WeekNumber": 51,
    "WeekStartDate": "2017-12-18T00:00:00",
    "Category": "cama mesa banho",
    "Quantity": 105,
    "Revenue": 11613.44,
    "OrderCount": 105
  },
  {
    "Year": 2017,
    "WeekNumber": 51,
    "WeekStartDate": "2017-12-18T00:00:00",
    "Category": "cool stuff",
    "Quantity": 31,
    "Revenue": 5406.93,
    "OrderCount": 31
  },
  {
    "Year": 2017,
    "WeekNumber": 51,
    "WeekStartDate": "2017-12-18T00:00:00",
    "Category": "esporte lazer",
    "Quantity": 83,
    "Revenue": 11601.03,
    "OrderCount": 83
  },
  {
    "Year": 2017,
    "WeekNumber": 51,
    "WeekStartDate": "2017-12-18T00:00:00",
    "Category": "ferramentas jardim",
    "Quantity": 47,
    "Revenue": 5637.15,
    "OrderCount": 47
  },
  {
    "Year": 2017,
    "WeekNumber": 51,
    "WeekStartDate": "2017-12-18T00:00:00",
    "Category": "informatica acessorios",
    "Quantity": 66,
    "Revenue": 11364.97,
    "OrderCount": 66
  },
  {
    "Year": 2017,
    "WeekNumber": 51,
    "WeekStartDate": "2017-12-18T00:00:00",
    "Category": "moveis decoracao",
    "Quantity": 66,
    "Revenue": 8118.90,
    "OrderCount": 66
  },
  {
    "Year": 2017,
    "WeekNumber": 51,
    "WeekStartDate": "2017-12-18T00:00:00",
    "Category": "relogios presentes",
    "Quantity": 65,
    "Revenue": 11309.27,
    "OrderCount": 65
  },
  {
    "Year": 2017,
    "WeekNumber": 51,
    "WeekStartDate": "2017-12-18T00:00:00",
    "Category": "telefonia",
    "Quantity": 52,
    "Revenue": 2484.45,
    "OrderCount": 52
  },
  {
    "Year": 2017,
    "WeekNumber": 51,
    "WeekStartDate": "2017-12-18T00:00:00",
    "Category": "utilidades domesticas",
    "Quantity": 64,
    "Revenue": 7015.66,
    "OrderCount": 64
  },
  {
    "Year": 2017,
    "WeekNumber": 52,
    "WeekStartDate": "2017-12-25T00:00:00",
    "Category": "automotivo",
    "Quantity": 20,
    "Revenue": 2887.11,
    "OrderCount": 20
  },
  {
    "Year": 2017,
    "WeekNumber": 52,
    "WeekStartDate": "2017-12-25T00:00:00",
    "Category": "beleza saude",
    "Quantity": 58,
    "Revenue": 6891.62,
    "OrderCount": 58
  },
  {
    "Year": 2017,
    "WeekNumber": 52,
    "WeekStartDate": "2017-12-25T00:00:00",
    "Category": "brinquedos",
    "Quantity": 35,
    "Revenue": 6724.43,
    "OrderCount": 35
  },
  {
    "Year": 2017,
    "WeekNumber": 52,
    "WeekStartDate": "2017-12-25T00:00:00",
    "Category": "cama mesa banho",
    "Quantity": 99,
    "Revenue": 10335.87,
    "OrderCount": 99
  },
  {
    "Year": 2017,
    "WeekNumber": 52,
    "WeekStartDate": "2017-12-25T00:00:00",
    "Category": "cool stuff",
    "Quantity": 38,
    "Revenue": 6169.44,
    "OrderCount": 38
  },
  {
    "Year": 2017,
    "WeekNumber": 52,
    "WeekStartDate": "2017-12-25T00:00:00",
    "Category": "esporte lazer",
    "Quantity": 51,
    "Revenue": 7577.29,
    "OrderCount": 51
  },
  {
    "Year": 2017,
    "WeekNumber": 52,
    "WeekStartDate": "2017-12-25T00:00:00",
    "Category": "ferramentas jardim",
    "Quantity": 72,
    "Revenue": 6386.10,
    "OrderCount": 72
  },
  {
    "Year": 2017,
    "WeekNumber": 52,
    "WeekStartDate": "2017-12-25T00:00:00",
    "Category": "informatica acessorios",
    "Quantity": 38,
    "Revenue": 5006.11,
    "OrderCount": 38
  },
  {
    "Year": 2017,
    "WeekNumber": 52,
    "WeekStartDate": "2017-12-25T00:00:00",
    "Category": "moveis decoracao",
    "Quantity": 66,
    "Revenue": 5672.17,
    "OrderCount": 66
  },
  {
    "Year": 2017,
    "WeekNumber": 52,
    "WeekStartDate": "2017-12-25T00:00:00",
    "Category": "relogios presentes",
    "Quantity": 49,
    "Revenue": 9713.58,
    "OrderCount": 49
  },
  {
    "Year": 2017,
    "WeekNumber": 52,
    "WeekStartDate": "2017-12-25T00:00:00",
    "Category": "telefonia",
    "Quantity": 57,
    "Revenue": 2853.44,
    "OrderCount": 57
  },
  {
    "Year": 2017,
    "WeekNumber": 52,
    "WeekStartDate": "2017-12-25T00:00:00",
    "Category": "utilidades domesticas",
    "Quantity": 33,
    "Revenue": 5037.44,
    "OrderCount": 33
  },
  {
    "Year": 2018,
    "WeekNumber": 1,
    "WeekStartDate": "2018-01-01T00:00:00",
    "Category": "automotivo",
    "Quantity": 54,
    "Revenue": 8703.89,
    "OrderCount": 54
  },
  {
    "Year": 2018,
    "WeekNumber": 1,
    "WeekStartDate": "2018-01-01T00:00:00",
    "Category": "beleza saude",
    "Quantity": 108,
    "Revenue": 12765.60,
    "OrderCount": 108
  },
  {
    "Year": 2018,
    "WeekNumber": 1,
    "WeekStartDate": "2018-01-01T00:00:00",
    "Category": "brinquedos",
    "Quantity": 44,
    "Revenue": 7300.03,
    "OrderCount": 44
  },
  {
    "Year": 2018,
    "WeekNumber": 1,
    "WeekStartDate": "2018-01-01T00:00:00",
    "Category": "cama mesa banho",
    "Quantity": 158,
    "Revenue": 17709.96,
    "OrderCount": 158
  },
  {
    "Year": 2018,
    "WeekNumber": 1,
    "WeekStartDate": "2018-01-01T00:00:00",
    "Category": "cool stuff",
    "Quantity": 63,
    "Revenue": 10210.63,
    "OrderCount": 63
  },
  {
    "Year": 2018,
    "WeekNumber": 1,
    "WeekStartDate": "2018-01-01T00:00:00",
    "Category": "esporte lazer",
    "Quantity": 98,
    "Revenue": 12970.28,
    "OrderCount": 98
  },
  {
    "Year": 2018,
    "WeekNumber": 1,
    "WeekStartDate": "2018-01-01T00:00:00",
    "Category": "ferramentas jardim",
    "Quantity": 36,
    "Revenue": 4247.51,
    "OrderCount": 36
  },
  {
    "Year": 2018,
    "WeekNumber": 1,
    "WeekStartDate": "2018-01-01T00:00:00",
    "Category": "informatica acessorios",
    "Quantity": 82,
    "Revenue": 13564.79,
    "OrderCount": 82
  },
  {
    "Year": 2018,
    "WeekNumber": 1,
    "WeekStartDate": "2018-01-01T00:00:00",
    "Category": "moveis decoracao",
    "Quantity": 142,
    "Revenue": 15742.80,
    "OrderCount": 142
  },
  {
    "Year": 2018,
    "WeekNumber": 1,
    "WeekStartDate": "2018-01-01T00:00:00",
    "Category": "relogios presentes",
    "Quantity": 60,
    "Revenue": 12107.79,
    "OrderCount": 60
  },
  {
    "Year": 2018,
    "WeekNumber": 1,
    "WeekStartDate": "2018-01-01T00:00:00",
    "Category": "telefonia",
    "Quantity": 65,
    "Revenue": 3304.67,
    "OrderCount": 65
  },
  {
    "Year": 2018,
    "WeekNumber": 1,
    "WeekStartDate": "2018-01-01T00:00:00",
    "Category": "utilidades domesticas",
    "Quantity": 57,
    "Revenue": 6908.21,
    "OrderCount": 57
  },
  {
    "Year": 2018,
    "WeekNumber": 2,
    "WeekStartDate": "2018-01-08T00:00:00",
    "Category": "automotivo",
    "Quantity": 49,
    "Revenue": 8379.84,
    "OrderCount": 49
  },
  {
    "Year": 2018,
    "WeekNumber": 2,
    "WeekStartDate": "2018-01-08T00:00:00",
    "Category": "beleza saude",
    "Quantity": 153,
    "Revenue": 19380.98,
    "OrderCount": 153
  },
  {
    "Year": 2018,
    "WeekNumber": 2,
    "WeekStartDate": "2018-01-08T00:00:00",
    "Category": "brinquedos",
    "Quantity": 40,
    "Revenue": 7457.31,
    "OrderCount": 40
  },
  {
    "Year": 2018,
    "WeekNumber": 2,
    "WeekStartDate": "2018-01-08T00:00:00",
    "Category": "cama mesa banho",
    "Quantity": 189,
    "Revenue": 22493.91,
    "OrderCount": 189
  },
  {
    "Year": 2018,
    "WeekNumber": 2,
    "WeekStartDate": "2018-01-08T00:00:00",
    "Category": "cool stuff",
    "Quantity": 76,
    "Revenue": 10005.98,
    "OrderCount": 76
  },
  {
    "Year": 2018,
    "WeekNumber": 2,
    "WeekStartDate": "2018-01-08T00:00:00",
    "Category": "esporte lazer",
    "Quantity": 162,
    "Revenue": 28169.31,
    "OrderCount": 162
  },
  {
    "Year": 2018,
    "WeekNumber": 2,
    "WeekStartDate": "2018-01-08T00:00:00",
    "Category": "ferramentas jardim",
    "Quantity": 58,
    "Revenue": 6158.43,
    "OrderCount": 58
  },
  {
    "Year": 2018,
    "WeekNumber": 2,
    "WeekStartDate": "2018-01-08T00:00:00",
    "Category": "informatica acessorios",
    "Quantity": 174,
    "Revenue": 25744.46,
    "OrderCount": 174
  },
  {
    "Year": 2018,
    "WeekNumber": 2,
    "WeekStartDate": "2018-01-08T00:00:00",
    "Category": "moveis decoracao",
    "Quantity": 148,
    "Revenue": 15113.21,
    "OrderCount": 148
  },
  {
    "Year": 2018,
    "WeekNumber": 2,
    "WeekStartDate": "2018-01-08T00:00:00",
    "Category": "relogios presentes",
    "Quantity": 77,
    "Revenue": 19987.82,
    "OrderCount": 77
  },
  {
    "Year": 2018,
    "WeekNumber": 2,
    "WeekStartDate": "2018-01-08T00:00:00",
    "Category": "telefonia",
    "Quantity": 82,
    "Revenue": 4165.05,
    "OrderCount": 82
  },
  {
    "Year": 2018,
    "WeekNumber": 2,
    "WeekStartDate": "2018-01-08T00:00:00",
    "Category": "utilidades domesticas",
    "Quantity": 81,
    "Revenue": 11590.75,
    "OrderCount": 81
  },
  {
    "Year": 2018,
    "WeekNumber": 3,
    "WeekStartDate": "2018-01-15T00:00:00",
    "Category": "automotivo",
    "Quantity": 81,
    "Revenue": 12194.39,
    "OrderCount": 81
  },
  {
    "Year": 2018,
    "WeekNumber": 3,
    "WeekStartDate": "2018-01-15T00:00:00",
    "Category": "beleza saude",
    "Quantity": 158,
    "Revenue": 19201.14,
    "OrderCount": 158
  },
  {
    "Year": 2018,
    "WeekNumber": 3,
    "WeekStartDate": "2018-01-15T00:00:00",
    "Category": "brinquedos",
    "Quantity": 32,
    "Revenue": 5047.92,
    "OrderCount": 32
  },
  {
    "Year": 2018,
    "WeekNumber": 3,
    "WeekStartDate": "2018-01-15T00:00:00",
    "Category": "cama mesa banho",
    "Quantity": 179,
    "Revenue": 17091.10,
    "OrderCount": 179
  },
  {
    "Year": 2018,
    "WeekNumber": 3,
    "WeekStartDate": "2018-01-15T00:00:00",
    "Category": "cool stuff",
    "Quantity": 82,
    "Revenue": 11331.62,
    "OrderCount": 82
  },
  {
    "Year": 2018,
    "WeekNumber": 3,
    "WeekStartDate": "2018-01-15T00:00:00",
    "Category": "esporte lazer",
    "Quantity": 147,
    "Revenue": 21559.02,
    "OrderCount": 147
  },
  {
    "Year": 2018,
    "WeekNumber": 3,
    "WeekStartDate": "2018-01-15T00:00:00",
    "Category": "ferramentas jardim",
    "Quantity": 52,
    "Revenue": 6531.16,
    "OrderCount": 52
  },
  {
    "Year": 2018,
    "WeekNumber": 3,
    "WeekStartDate": "2018-01-15T00:00:00",
    "Category": "informatica acessorios",
    "Quantity": 147,
    "Revenue": 20189.99,
    "OrderCount": 147
  },
  {
    "Year": 2018,
    "WeekNumber": 3,
    "WeekStartDate": "2018-01-15T00:00:00",
    "Category": "moveis decoracao",
    "Quantity": 169,
    "Revenue": 18801.27,
    "OrderCount": 169
  },
  {
    "Year": 2018,
    "WeekNumber": 3,
    "WeekStartDate": "2018-01-15T00:00:00",
    "Category": "relogios presentes",
    "Quantity": 78,
    "Revenue": 15234.51,
    "OrderCount": 78
  },
  {
    "Year": 2018,
    "WeekNumber": 3,
    "WeekStartDate": "2018-01-15T00:00:00",
    "Category": "telefonia",
    "Quantity": 90,
    "Revenue": 4975.58,
    "OrderCount": 90
  },
  {
    "Year": 2018,
    "WeekNumber": 3,
    "WeekStartDate": "2018-01-15T00:00:00",
    "Category": "utilidades domesticas",
    "Quantity": 82,
    "Revenue": 11882.88,
    "OrderCount": 82
  },
  {
    "Year": 2018,
    "WeekNumber": 4,
    "WeekStartDate": "2018-01-22T00:00:00",
    "Category": "automotivo",
    "Quantity": 53,
    "Revenue": 7179.38,
    "OrderCount": 53
  },
  {
    "Year": 2018,
    "WeekNumber": 4,
    "WeekStartDate": "2018-01-22T00:00:00",
    "Category": "beleza saude",
    "Quantity": 148,
    "Revenue": 22886.38,
    "OrderCount": 148
  },
  {
    "Year": 2018,
    "WeekNumber": 4,
    "WeekStartDate": "2018-01-22T00:00:00",
    "Category": "brinquedos",
    "Quantity": 33,
    "Revenue": 3311.17,
    "OrderCount": 33
  },
  {
    "Year": 2018,
    "WeekNumber": 4,
    "WeekStartDate": "2018-01-22T00:00:00",
    "Category": "cama mesa banho",
    "Quantity": 199,
    "Revenue": 20557.00,
    "OrderCount": 199
  },
  {
    "Year": 2018,
    "WeekNumber": 4,
    "WeekStartDate": "2018-01-22T00:00:00",
    "Category": "cool stuff",
    "Quantity": 55,
    "Revenue": 10037.23,
    "OrderCount": 55
  },
  {
    "Year": 2018,
    "WeekNumber": 4,
    "WeekStartDate": "2018-01-22T00:00:00",
    "Category": "esporte lazer",
    "Quantity": 133,
    "Revenue": 23888.22,
    "OrderCount": 133
  },
  {
    "Year": 2018,
    "WeekNumber": 4,
    "WeekStartDate": "2018-01-22T00:00:00",
    "Category": "ferramentas jardim",
    "Quantity": 66,
    "Revenue": 12928.47,
    "OrderCount": 66
  },
  {
    "Year": 2018,
    "WeekNumber": 4,
    "WeekStartDate": "2018-01-22T00:00:00",
    "Category": "informatica acessorios",
    "Quantity": 170,
    "Revenue": 19979.48,
    "OrderCount": 170
  },
  {
    "Year": 2018,
    "WeekNumber": 4,
    "WeekStartDate": "2018-01-22T00:00:00",
    "Category": "moveis decoracao",
    "Quantity": 102,
    "Revenue": 12304.00,
    "OrderCount": 102
  },
  {
    "Year": 2018,
    "WeekNumber": 4,
    "WeekStartDate": "2018-01-22T00:00:00",
    "Category": "relogios presentes",
    "Quantity": 88,
    "Revenue": 22266.75,
    "OrderCount": 88
  },
  {
    "Year": 2018,
    "WeekNumber": 4,
    "WeekStartDate": "2018-01-22T00:00:00",
    "Category": "telefonia",
    "Quantity": 83,
    "Revenue": 5359.35,
    "OrderCount": 83
  },
  {
    "Year": 2018,
    "WeekNumber": 4,
    "WeekStartDate": "2018-01-22T00:00:00",
    "Category": "utilidades domesticas",
    "Quantity": 89,
    "Revenue": 9797.16,
    "OrderCount": 89
  },
  {
    "Year": 2018,
    "WeekNumber": 5,
    "WeekStartDate": "2018-01-29T00:00:00",
    "Category": "automotivo",
    "Quantity": 73,
    "Revenue": 10945.45,
    "OrderCount": 73
  },
  {
    "Year": 2018,
    "WeekNumber": 5,
    "WeekStartDate": "2018-01-29T00:00:00",
    "Category": "beleza saude",
    "Quantity": 130,
    "Revenue": 20161.09,
    "OrderCount": 130
  },
  {
    "Year": 2018,
    "WeekNumber": 5,
    "WeekStartDate": "2018-01-29T00:00:00",
    "Category": "brinquedos",
    "Quantity": 29,
    "Revenue": 3122.74,
    "OrderCount": 29
  },
  {
    "Year": 2018,
    "WeekNumber": 5,
    "WeekStartDate": "2018-01-29T00:00:00",
    "Category": "cama mesa banho",
    "Quantity": 205,
    "Revenue": 20548.76,
    "OrderCount": 205
  },
  {
    "Year": 2018,
    "WeekNumber": 5,
    "WeekStartDate": "2018-01-29T00:00:00",
    "Category": "cool stuff",
    "Quantity": 40,
    "Revenue": 6634.02,
    "OrderCount": 40
  },
  {
    "Year": 2018,
    "WeekNumber": 5,
    "WeekStartDate": "2018-01-29T00:00:00",
    "Category": "esporte lazer",
    "Quantity": 174,
    "Revenue": 22221.10,
    "OrderCount": 174
  },
  {
    "Year": 2018,
    "WeekNumber": 5,
    "WeekStartDate": "2018-01-29T00:00:00",
    "Category": "ferramentas jardim",
    "Quantity": 59,
    "Revenue": 6263.37,
    "OrderCount": 59
  },
  {
    "Year": 2018,
    "WeekNumber": 5,
    "WeekStartDate": "2018-01-29T00:00:00",
    "Category": "informatica acessorios",
    "Quantity": 214,
    "Revenue": 26468.65,
    "OrderCount": 214
  },
  {
    "Year": 2018,
    "WeekNumber": 5,
    "WeekStartDate": "2018-01-29T00:00:00",
    "Category": "moveis decoracao",
    "Quantity": 79,
    "Revenue": 8771.30,
    "OrderCount": 79
  },
  {
    "Year": 2018,
    "WeekNumber": 5,
    "WeekStartDate": "2018-01-29T00:00:00",
    "Category": "relogios presentes",
    "Quantity": 97,
    "Revenue": 19965.54,
    "OrderCount": 97
  },
  {
    "Year": 2018,
    "WeekNumber": 5,
    "WeekStartDate": "2018-01-29T00:00:00",
    "Category": "telefonia",
    "Quantity": 92,
    "Revenue": 4418.02,
    "OrderCount": 92
  },
  {
    "Year": 2018,
    "WeekNumber": 5,
    "WeekStartDate": "2018-01-29T00:00:00",
    "Category": "utilidades domesticas",
    "Quantity": 79,
    "Revenue": 10200.45,
    "OrderCount": 79
  },
  {
    "Year": 2018,
    "WeekNumber": 6,
    "WeekStartDate": "2018-02-05T00:00:00",
    "Category": "automotivo",
    "Quantity": 52,
    "Revenue": 11511.49,
    "OrderCount": 52
  },
  {
    "Year": 2018,
    "WeekNumber": 6,
    "WeekStartDate": "2018-02-05T00:00:00",
    "Category": "beleza saude",
    "Quantity": 146,
    "Revenue": 20905.06,
    "OrderCount": 146
  },
  {
    "Year": 2018,
    "WeekNumber": 6,
    "WeekStartDate": "2018-02-05T00:00:00",
    "Category": "brinquedos",
    "Quantity": 32,
    "Revenue": 3600.64,
    "OrderCount": 32
  },
  {
    "Year": 2018,
    "WeekNumber": 6,
    "WeekStartDate": "2018-02-05T00:00:00",
    "Category": "cama mesa banho",
    "Quantity": 200,
    "Revenue": 19764.17,
    "OrderCount": 200
  },
  {
    "Year": 2018,
    "WeekNumber": 6,
    "WeekStartDate": "2018-02-05T00:00:00",
    "Category": "cool stuff",
    "Quantity": 33,
    "Revenue": 6366.45,
    "OrderCount": 33
  },
  {
    "Year": 2018,
    "WeekNumber": 6,
    "WeekStartDate": "2018-02-05T00:00:00",
    "Category": "esporte lazer",
    "Quantity": 161,
    "Revenue": 25040.13,
    "OrderCount": 161
  },
  {
    "Year": 2018,
    "WeekNumber": 6,
    "WeekStartDate": "2018-02-05T00:00:00",
    "Category": "ferramentas jardim",
    "Quantity": 82,
    "Revenue": 7838.70,
    "OrderCount": 82
  },
  {
    "Year": 2018,
    "WeekNumber": 6,
    "WeekStartDate": "2018-02-05T00:00:00",
    "Category": "informatica acessorios",
    "Quantity": 209,
    "Revenue": 25176.63,
    "OrderCount": 209
  },
  {
    "Year": 2018,
    "WeekNumber": 6,
    "WeekStartDate": "2018-02-05T00:00:00",
    "Category": "moveis decoracao",
    "Quantity": 70,
    "Revenue": 7983.21,
    "OrderCount": 70
  },
  {
    "Year": 2018,
    "WeekNumber": 6,
    "WeekStartDate": "2018-02-05T00:00:00",
    "Category": "relogios presentes",
    "Quantity": 70,
    "Revenue": 14795.52,
    "OrderCount": 70
  },
  {
    "Year": 2018,
    "WeekNumber": 6,
    "WeekStartDate": "2018-02-05T00:00:00",
    "Category": "telefonia",
    "Quantity": 96,
    "Revenue": 5955.63,
    "OrderCount": 96
  },
  {
    "Year": 2018,
    "WeekNumber": 6,
    "WeekStartDate": "2018-02-05T00:00:00",
    "Category": "utilidades domesticas",
    "Quantity": 77,
    "Revenue": 9077.69,
    "OrderCount": 77
  },
  {
    "Year": 2018,
    "WeekNumber": 7,
    "WeekStartDate": "2018-02-12T00:00:00",
    "Category": "automotivo",
    "Quantity": 95,
    "Revenue": 11347.24,
    "OrderCount": 95
  },
  {
    "Year": 2018,
    "WeekNumber": 7,
    "WeekStartDate": "2018-02-12T00:00:00",
    "Category": "beleza saude",
    "Quantity": 171,
    "Revenue": 24272.51,
    "OrderCount": 171
  },
  {
    "Year": 2018,
    "WeekNumber": 7,
    "WeekStartDate": "2018-02-12T00:00:00",
    "Category": "brinquedos",
    "Quantity": 35,
    "Revenue": 3921.63,
    "OrderCount": 35
  },
  {
    "Year": 2018,
    "WeekNumber": 7,
    "WeekStartDate": "2018-02-12T00:00:00",
    "Category": "cama mesa banho",
    "Quantity": 181,
    "Revenue": 18398.23,
    "OrderCount": 181
  },
  {
    "Year": 2018,
    "WeekNumber": 7,
    "WeekStartDate": "2018-02-12T00:00:00",
    "Category": "cool stuff",
    "Quantity": 51,
    "Revenue": 10374.24,
    "OrderCount": 51
  },
  {
    "Year": 2018,
    "WeekNumber": 7,
    "WeekStartDate": "2018-02-12T00:00:00",
    "Category": "esporte lazer",
    "Quantity": 145,
    "Revenue": 20029.14,
    "OrderCount": 145
  },
  {
    "Year": 2018,
    "WeekNumber": 7,
    "WeekStartDate": "2018-02-12T00:00:00",
    "Category": "ferramentas jardim",
    "Quantity": 90,
    "Revenue": 10857.27,
    "OrderCount": 90
  },
  {
    "Year": 2018,
    "WeekNumber": 7,
    "WeekStartDate": "2018-02-12T00:00:00",
    "Category": "informatica acessorios",
    "Quantity": 205,
    "Revenue": 25876.19,
    "OrderCount": 205
  },
  {
    "Year": 2018,
    "WeekNumber": 7,
    "WeekStartDate": "2018-02-12T00:00:00",
    "Category": "moveis decoracao",
    "Quantity": 119,
    "Revenue": 12660.68,
    "OrderCount": 119
  },
  {
    "Year": 2018,
    "WeekNumber": 7,
    "WeekStartDate": "2018-02-12T00:00:00",
    "Category": "relogios presentes",
    "Quantity": 65,
    "Revenue": 11489.19,
    "OrderCount": 65
  },
  {
    "Year": 2018,
    "WeekNumber": 7,
    "WeekStartDate": "2018-02-12T00:00:00",
    "Category": "telefonia",
    "Quantity": 91,
    "Revenue": 4482.58,
    "OrderCount": 91
  },
  {
    "Year": 2018,
    "WeekNumber": 7,
    "WeekStartDate": "2018-02-12T00:00:00",
    "Category": "utilidades domesticas",
    "Quantity": 103,
    "Revenue": 10147.51,
    "OrderCount": 103
  },
  {
    "Year": 2018,
    "WeekNumber": 8,
    "WeekStartDate": "2018-02-19T00:00:00",
    "Category": "automotivo",
    "Quantity": 87,
    "Revenue": 12977.36,
    "OrderCount": 87
  },
  {
    "Year": 2018,
    "WeekNumber": 8,
    "WeekStartDate": "2018-02-19T00:00:00",
    "Category": "beleza saude",
    "Quantity": 166,
    "Revenue": 19883.03,
    "OrderCount": 166
  },
  {
    "Year": 2018,
    "WeekNumber": 8,
    "WeekStartDate": "2018-02-19T00:00:00",
    "Category": "brinquedos",
    "Quantity": 32,
    "Revenue": 2956.89,
    "OrderCount": 32
  },
  {
    "Year": 2018,
    "WeekNumber": 8,
    "WeekStartDate": "2018-02-19T00:00:00",
    "Category": "cama mesa banho",
    "Quantity": 143,
    "Revenue": 16987.80,
    "OrderCount": 143
  },
  {
    "Year": 2018,
    "WeekNumber": 8,
    "WeekStartDate": "2018-02-19T00:00:00",
    "Category": "cool stuff",
    "Quantity": 59,
    "Revenue": 9771.98,
    "OrderCount": 59
  },
  {
    "Year": 2018,
    "WeekNumber": 8,
    "WeekStartDate": "2018-02-19T00:00:00",
    "Category": "esporte lazer",
    "Quantity": 166,
    "Revenue": 18007.57,
    "OrderCount": 166
  },
  {
    "Year": 2018,
    "WeekNumber": 8,
    "WeekStartDate": "2018-02-19T00:00:00",
    "Category": "ferramentas jardim",
    "Quantity": 42,
    "Revenue": 4989.57,
    "OrderCount": 42
  },
  {
    "Year": 2018,
    "WeekNumber": 8,
    "WeekStartDate": "2018-02-19T00:00:00",
    "Category": "informatica acessorios",
    "Quantity": 296,
    "Revenue": 35241.97,
    "OrderCount": 296
  },
  {
    "Year": 2018,
    "WeekNumber": 8,
    "WeekStartDate": "2018-02-19T00:00:00",
    "Category": "moveis decoracao",
    "Quantity": 124,
    "Revenue": 14528.84,
    "OrderCount": 124
  },
  {
    "Year": 2018,
    "WeekNumber": 8,
    "WeekStartDate": "2018-02-19T00:00:00",
    "Category": "relogios presentes",
    "Quantity": 97,
    "Revenue": 18879.99,
    "OrderCount": 97
  },
  {
    "Year": 2018,
    "WeekNumber": 8,
    "WeekStartDate": "2018-02-19T00:00:00",
    "Category": "telefonia",
    "Quantity": 98,
    "Revenue": 5027.13,
    "OrderCount": 98
  },
  {
    "Year": 2018,
    "WeekNumber": 8,
    "WeekStartDate": "2018-02-19T00:00:00",
    "Category": "utilidades domesticas",
    "Quantity": 117,
    "Revenue": 12807.19,
    "OrderCount": 117
  },
  {
    "Year": 2018,
    "WeekNumber": 9,
    "WeekStartDate": "2018-02-26T00:00:00",
    "Category": "automotivo",
    "Quantity": 75,
    "Revenue": 10093.71,
    "OrderCount": 75
  },
  {
    "Year": 2018,
    "WeekNumber": 9,
    "WeekStartDate": "2018-02-26T00:00:00",
    "Category": "beleza saude",
    "Quantity": 190,
    "Revenue": 35363.04,
    "OrderCount": 190
  },
  {
    "Year": 2018,
    "WeekNumber": 9,
    "WeekStartDate": "2018-02-26T00:00:00",
    "Category": "brinquedos",
    "Quantity": 50,
    "Revenue": 7054.24,
    "OrderCount": 50
  },
  {
    "Year": 2018,
    "WeekNumber": 9,
    "WeekStartDate": "2018-02-26T00:00:00",
    "Category": "cama mesa banho",
    "Quantity": 164,
    "Revenue": 18174.61,
    "OrderCount": 164
  },
  {
    "Year": 2018,
    "WeekNumber": 9,
    "WeekStartDate": "2018-02-26T00:00:00",
    "Category": "cool stuff",
    "Quantity": 51,
    "Revenue": 8443.64,
    "OrderCount": 51
  },
  {
    "Year": 2018,
    "WeekNumber": 9,
    "WeekStartDate": "2018-02-26T00:00:00",
    "Category": "esporte lazer",
    "Quantity": 184,
    "Revenue": 24287.05,
    "OrderCount": 184
  },
  {
    "Year": 2018,
    "WeekNumber": 9,
    "WeekStartDate": "2018-02-26T00:00:00",
    "Category": "ferramentas jardim",
    "Quantity": 74,
    "Revenue": 11084.62,
    "OrderCount": 74
  },
  {
    "Year": 2018,
    "WeekNumber": 9,
    "WeekStartDate": "2018-02-26T00:00:00",
    "Category": "informatica acessorios",
    "Quantity": 284,
    "Revenue": 32198.69,
    "OrderCount": 284
  },
  {
    "Year": 2018,
    "WeekNumber": 9,
    "WeekStartDate": "2018-02-26T00:00:00",
    "Category": "moveis decoracao",
    "Quantity": 149,
    "Revenue": 15755.19,
    "OrderCount": 149
  },
  {
    "Year": 2018,
    "WeekNumber": 9,
    "WeekStartDate": "2018-02-26T00:00:00",
    "Category": "relogios presentes",
    "Quantity": 97,
    "Revenue": 24309.30,
    "OrderCount": 97
  },
  {
    "Year": 2018,
    "WeekNumber": 9,
    "WeekStartDate": "2018-02-26T00:00:00",
    "Category": "telefonia",
    "Quantity": 64,
    "Revenue": 3703.59,
    "OrderCount": 64
  },
  {
    "Year": 2018,
    "WeekNumber": 9,
    "WeekStartDate": "2018-02-26T00:00:00",
    "Category": "utilidades domesticas",
    "Quantity": 100,
    "Revenue": 12611.06,
    "OrderCount": 100
  },
  {
    "Year": 2018,
    "WeekNumber": 10,
    "WeekStartDate": "2018-03-05T00:00:00",
    "Category": "automotivo",
    "Quantity": 65,
    "Revenue": 11226.92,
    "OrderCount": 65
  },
  {
    "Year": 2018,
    "WeekNumber": 10,
    "WeekStartDate": "2018-03-05T00:00:00",
    "Category": "beleza saude",
    "Quantity": 170,
    "Revenue": 30023.69,
    "OrderCount": 170
  },
  {
    "Year": 2018,
    "WeekNumber": 10,
    "WeekStartDate": "2018-03-05T00:00:00",
    "Category": "brinquedos",
    "Quantity": 44,
    "Revenue": 5461.71,
    "OrderCount": 44
  },
  {
    "Year": 2018,
    "WeekNumber": 10,
    "WeekStartDate": "2018-03-05T00:00:00",
    "Category": "cama mesa banho",
    "Quantity": 155,
    "Revenue": 16260.27,
    "OrderCount": 155
  },
  {
    "Year": 2018,
    "WeekNumber": 10,
    "WeekStartDate": "2018-03-05T00:00:00",
    "Category": "cool stuff",
    "Quantity": 59,
    "Revenue": 10406.46,
    "OrderCount": 59
  },
  {
    "Year": 2018,
    "WeekNumber": 10,
    "WeekStartDate": "2018-03-05T00:00:00",
    "Category": "esporte lazer",
    "Quantity": 182,
    "Revenue": 28927.75,
    "OrderCount": 182
  },
  {
    "Year": 2018,
    "WeekNumber": 10,
    "WeekStartDate": "2018-03-05T00:00:00",
    "Category": "ferramentas jardim",
    "Quantity": 55,
    "Revenue": 6791.71,
    "OrderCount": 55
  },
  {
    "Year": 2018,
    "WeekNumber": 10,
    "WeekStartDate": "2018-03-05T00:00:00",
    "Category": "informatica acessorios",
    "Quantity": 175,
    "Revenue": 24148.99,
    "OrderCount": 175
  },
  {
    "Year": 2018,
    "WeekNumber": 10,
    "WeekStartDate": "2018-03-05T00:00:00",
    "Category": "moveis decoracao",
    "Quantity": 154,
    "Revenue": 18505.01,
    "OrderCount": 154
  },
  {
    "Year": 2018,
    "WeekNumber": 10,
    "WeekStartDate": "2018-03-05T00:00:00",
    "Category": "relogios presentes",
    "Quantity": 103,
    "Revenue": 24484.30,
    "OrderCount": 103
  },
  {
    "Year": 2018,
    "WeekNumber": 10,
    "WeekStartDate": "2018-03-05T00:00:00",
    "Category": "telefonia",
    "Quantity": 69,
    "Revenue": 5509.10,
    "OrderCount": 69
  },
  {
    "Year": 2018,
    "WeekNumber": 10,
    "WeekStartDate": "2018-03-05T00:00:00",
    "Category": "utilidades domesticas",
    "Quantity": 96,
    "Revenue": 11865.93,
    "OrderCount": 96
  },
  {
    "Year": 2018,
    "WeekNumber": 11,
    "WeekStartDate": "2018-03-12T00:00:00",
    "Category": "automotivo",
    "Quantity": 80,
    "Revenue": 14448.64,
    "OrderCount": 80
  },
  {
    "Year": 2018,
    "WeekNumber": 11,
    "WeekStartDate": "2018-03-12T00:00:00",
    "Category": "beleza saude",
    "Quantity": 137,
    "Revenue": 21644.00,
    "OrderCount": 137
  },
  {
    "Year": 2018,
    "WeekNumber": 11,
    "WeekStartDate": "2018-03-12T00:00:00",
    "Category": "brinquedos",
    "Quantity": 65,
    "Revenue": 7247.38,
    "OrderCount": 65
  },
  {
    "Year": 2018,
    "WeekNumber": 11,
    "WeekStartDate": "2018-03-12T00:00:00",
    "Category": "cama mesa banho",
    "Quantity": 172,
    "Revenue": 19648.17,
    "OrderCount": 172
  },
  {
    "Year": 2018,
    "WeekNumber": 11,
    "WeekStartDate": "2018-03-12T00:00:00",
    "Category": "cool stuff",
    "Quantity": 46,
    "Revenue": 7550.50,
    "OrderCount": 46
  },
  {
    "Year": 2018,
    "WeekNumber": 11,
    "WeekStartDate": "2018-03-12T00:00:00",
    "Category": "esporte lazer",
    "Quantity": 173,
    "Revenue": 21857.08,
    "OrderCount": 173
  },
  {
    "Year": 2018,
    "WeekNumber": 11,
    "WeekStartDate": "2018-03-12T00:00:00",
    "Category": "ferramentas jardim",
    "Quantity": 56,
    "Revenue": 5665.12,
    "OrderCount": 56
  },
  {
    "Year": 2018,
    "WeekNumber": 11,
    "WeekStartDate": "2018-03-12T00:00:00",
    "Category": "informatica acessorios",
    "Quantity": 134,
    "Revenue": 20272.20,
    "OrderCount": 134
  },
  {
    "Year": 2018,
    "WeekNumber": 11,
    "WeekStartDate": "2018-03-12T00:00:00",
    "Category": "moveis decoracao",
    "Quantity": 111,
    "Revenue": 12207.85,
    "OrderCount": 111
  },
  {
    "Year": 2018,
    "WeekNumber": 11,
    "WeekStartDate": "2018-03-12T00:00:00",
    "Category": "relogios presentes",
    "Quantity": 112,
    "Revenue": 25461.48,
    "OrderCount": 112
  },
  {
    "Year": 2018,
    "WeekNumber": 11,
    "WeekStartDate": "2018-03-12T00:00:00",
    "Category": "telefonia",
    "Quantity": 75,
    "Revenue": 6516.06,
    "OrderCount": 75
  },
  {
    "Year": 2018,
    "WeekNumber": 11,
    "WeekStartDate": "2018-03-12T00:00:00",
    "Category": "utilidades domesticas",
    "Quantity": 80,
    "Revenue": 7631.31,
    "OrderCount": 80
  },
  {
    "Year": 2018,
    "WeekNumber": 12,
    "WeekStartDate": "2018-03-19T00:00:00",
    "Category": "automotivo",
    "Quantity": 93,
    "Revenue": 12180.20,
    "OrderCount": 93
  },
  {
    "Year": 2018,
    "WeekNumber": 12,
    "WeekStartDate": "2018-03-19T00:00:00",
    "Category": "beleza saude",
    "Quantity": 139,
    "Revenue": 16442.82,
    "OrderCount": 139
  },
  {
    "Year": 2018,
    "WeekNumber": 12,
    "WeekStartDate": "2018-03-19T00:00:00",
    "Category": "brinquedos",
    "Quantity": 50,
    "Revenue": 6721.80,
    "OrderCount": 50
  },
  {
    "Year": 2018,
    "WeekNumber": 12,
    "WeekStartDate": "2018-03-19T00:00:00",
    "Category": "cama mesa banho",
    "Quantity": 210,
    "Revenue": 20510.14,
    "OrderCount": 210
  },
  {
    "Year": 2018,
    "WeekNumber": 12,
    "WeekStartDate": "2018-03-19T00:00:00",
    "Category": "cool stuff",
    "Quantity": 66,
    "Revenue": 11748.95,
    "OrderCount": 66
  },
  {
    "Year": 2018,
    "WeekNumber": 12,
    "WeekStartDate": "2018-03-19T00:00:00",
    "Category": "esporte lazer",
    "Quantity": 157,
    "Revenue": 18495.46,
    "OrderCount": 157
  },
  {
    "Year": 2018,
    "WeekNumber": 12,
    "WeekStartDate": "2018-03-19T00:00:00",
    "Category": "ferramentas jardim",
    "Quantity": 60,
    "Revenue": 8425.94,
    "OrderCount": 60
  },
  {
    "Year": 2018,
    "WeekNumber": 12,
    "WeekStartDate": "2018-03-19T00:00:00",
    "Category": "informatica acessorios",
    "Quantity": 181,
    "Revenue": 23648.04,
    "OrderCount": 181
  },
  {
    "Year": 2018,
    "WeekNumber": 12,
    "WeekStartDate": "2018-03-19T00:00:00",
    "Category": "moveis decoracao",
    "Quantity": 129,
    "Revenue": 13943.13,
    "OrderCount": 129
  },
  {
    "Year": 2018,
    "WeekNumber": 12,
    "WeekStartDate": "2018-03-19T00:00:00",
    "Category": "relogios presentes",
    "Quantity": 93,
    "Revenue": 25278.58,
    "OrderCount": 93
  },
  {
    "Year": 2018,
    "WeekNumber": 12,
    "WeekStartDate": "2018-03-19T00:00:00",
    "Category": "telefonia",
    "Quantity": 86,
    "Revenue": 10845.48,
    "OrderCount": 86
  },
  {
    "Year": 2018,
    "WeekNumber": 12,
    "WeekStartDate": "2018-03-19T00:00:00",
    "Category": "utilidades domesticas",
    "Quantity": 111,
    "Revenue": 11005.13,
    "OrderCount": 111
  },
  {
    "Year": 2018,
    "WeekNumber": 13,
    "WeekStartDate": "2018-03-26T00:00:00",
    "Category": "automotivo",
    "Quantity": 72,
    "Revenue": 11467.66,
    "OrderCount": 72
  },
  {
    "Year": 2018,
    "WeekNumber": 13,
    "WeekStartDate": "2018-03-26T00:00:00",
    "Category": "beleza saude",
    "Quantity": 131,
    "Revenue": 16265.44,
    "OrderCount": 131
  },
  {
    "Year": 2018,
    "WeekNumber": 13,
    "WeekStartDate": "2018-03-26T00:00:00",
    "Category": "brinquedos",
    "Quantity": 44,
    "Revenue": 5637.66,
    "OrderCount": 44
  },
  {
    "Year": 2018,
    "WeekNumber": 13,
    "WeekStartDate": "2018-03-26T00:00:00",
    "Category": "cama mesa banho",
    "Quantity": 162,
    "Revenue": 17578.76,
    "OrderCount": 162
  },
  {
    "Year": 2018,
    "WeekNumber": 13,
    "WeekStartDate": "2018-03-26T00:00:00",
    "Category": "cool stuff",
    "Quantity": 49,
    "Revenue": 8704.99,
    "OrderCount": 49
  },
  {
    "Year": 2018,
    "WeekNumber": 13,
    "WeekStartDate": "2018-03-26T00:00:00",
    "Category": "esporte lazer",
    "Quantity": 149,
    "Revenue": 18092.91,
    "OrderCount": 149
  },
  {
    "Year": 2018,
    "WeekNumber": 13,
    "WeekStartDate": "2018-03-26T00:00:00",
    "Category": "ferramentas jardim",
    "Quantity": 64,
    "Revenue": 8083.67,
    "OrderCount": 64
  },
  {
    "Year": 2018,
    "WeekNumber": 13,
    "WeekStartDate": "2018-03-26T00:00:00",
    "Category": "informatica acessorios",
    "Quantity": 154,
    "Revenue": 19222.24,
    "OrderCount": 154
  },
  {
    "Year": 2018,
    "WeekNumber": 13,
    "WeekStartDate": "2018-03-26T00:00:00",
    "Category": "moveis decoracao",
    "Quantity": 120,
    "Revenue": 11445.62,
    "OrderCount": 120
  },
  {
    "Year": 2018,
    "WeekNumber": 13,
    "WeekStartDate": "2018-03-26T00:00:00",
    "Category": "relogios presentes",
    "Quantity": 77,
    "Revenue": 19261.34,
    "OrderCount": 77
  },
  {
    "Year": 2018,
    "WeekNumber": 13,
    "WeekStartDate": "2018-03-26T00:00:00",
    "Category": "telefonia",
    "Quantity": 77,
    "Revenue": 5133.96,
    "OrderCount": 77
  },
  {
    "Year": 2018,
    "WeekNumber": 13,
    "WeekStartDate": "2018-03-26T00:00:00",
    "Category": "utilidades domesticas",
    "Quantity": 75,
    "Revenue": 7710.10,
    "OrderCount": 75
  },
  {
    "Year": 2018,
    "WeekNumber": 14,
    "WeekStartDate": "2018-04-02T00:00:00",
    "Category": "automotivo",
    "Quantity": 87,
    "Revenue": 14167.35,
    "OrderCount": 87
  },
  {
    "Year": 2018,
    "WeekNumber": 14,
    "WeekStartDate": "2018-04-02T00:00:00",
    "Category": "beleza saude",
    "Quantity": 144,
    "Revenue": 22084.17,
    "OrderCount": 144
  },
  {
    "Year": 2018,
    "WeekNumber": 14,
    "WeekStartDate": "2018-04-02T00:00:00",
    "Category": "brinquedos",
    "Quantity": 49,
    "Revenue": 6754.80,
    "OrderCount": 49
  },
  {
    "Year": 2018,
    "WeekNumber": 14,
    "WeekStartDate": "2018-04-02T00:00:00",
    "Category": "cama mesa banho",
    "Quantity": 170,
    "Revenue": 20669.89,
    "OrderCount": 170
  },
  {
    "Year": 2018,
    "WeekNumber": 14,
    "WeekStartDate": "2018-04-02T00:00:00",
    "Category": "cool stuff",
    "Quantity": 50,
    "Revenue": 9755.62,
    "OrderCount": 50
  },
  {
    "Year": 2018,
    "WeekNumber": 14,
    "WeekStartDate": "2018-04-02T00:00:00",
    "Category": "esporte lazer",
    "Quantity": 158,
    "Revenue": 20314.43,
    "OrderCount": 158
  },
  {
    "Year": 2018,
    "WeekNumber": 14,
    "WeekStartDate": "2018-04-02T00:00:00",
    "Category": "ferramentas jardim",
    "Quantity": 41,
    "Revenue": 5979.34,
    "OrderCount": 41
  },
  {
    "Year": 2018,
    "WeekNumber": 14,
    "WeekStartDate": "2018-04-02T00:00:00",
    "Category": "informatica acessorios",
    "Quantity": 152,
    "Revenue": 22567.29,
    "OrderCount": 152
  },
  {
    "Year": 2018,
    "WeekNumber": 14,
    "WeekStartDate": "2018-04-02T00:00:00",
    "Category": "moveis decoracao",
    "Quantity": 138,
    "Revenue": 16239.00,
    "OrderCount": 138
  },
  {
    "Year": 2018,
    "WeekNumber": 14,
    "WeekStartDate": "2018-04-02T00:00:00",
    "Category": "relogios presentes",
    "Quantity": 91,
    "Revenue": 20253.41,
    "OrderCount": 91
  },
  {
    "Year": 2018,
    "WeekNumber": 14,
    "WeekStartDate": "2018-04-02T00:00:00",
    "Category": "telefonia",
    "Quantity": 50,
    "Revenue": 3083.81,
    "OrderCount": 50
  },
  {
    "Year": 2018,
    "WeekNumber": 14,
    "WeekStartDate": "2018-04-02T00:00:00",
    "Category": "utilidades domesticas",
    "Quantity": 79,
    "Revenue": 9186.69,
    "OrderCount": 79
  },
  {
    "Year": 2018,
    "WeekNumber": 15,
    "WeekStartDate": "2018-04-09T00:00:00",
    "Category": "automotivo",
    "Quantity": 87,
    "Revenue": 14781.58,
    "OrderCount": 87
  },
  {
    "Year": 2018,
    "WeekNumber": 15,
    "WeekStartDate": "2018-04-09T00:00:00",
    "Category": "beleza saude",
    "Quantity": 162,
    "Revenue": 23604.34,
    "OrderCount": 162
  },
  {
    "Year": 2018,
    "WeekNumber": 15,
    "WeekStartDate": "2018-04-09T00:00:00",
    "Category": "brinquedos",
    "Quantity": 27,
    "Revenue": 2951.86,
    "OrderCount": 27
  },
  {
    "Year": 2018,
    "WeekNumber": 15,
    "WeekStartDate": "2018-04-09T00:00:00",
    "Category": "cama mesa banho",
    "Quantity": 179,
    "Revenue": 20936.24,
    "OrderCount": 179
  },
  {
    "Year": 2018,
    "WeekNumber": 15,
    "WeekStartDate": "2018-04-09T00:00:00",
    "Category": "cool stuff",
    "Quantity": 54,
    "Revenue": 9265.88,
    "OrderCount": 54
  },
  {
    "Year": 2018,
    "WeekNumber": 15,
    "WeekStartDate": "2018-04-09T00:00:00",
    "Category": "esporte lazer",
    "Quantity": 143,
    "Revenue": 19875.99,
    "OrderCount": 143
  },
  {
    "Year": 2018,
    "WeekNumber": 15,
    "WeekStartDate": "2018-04-09T00:00:00",
    "Category": "ferramentas jardim",
    "Quantity": 50,
    "Revenue": 6580.65,
    "OrderCount": 50
  },
  {
    "Year": 2018,
    "WeekNumber": 15,
    "WeekStartDate": "2018-04-09T00:00:00",
    "Category": "informatica acessorios",
    "Quantity": 104,
    "Revenue": 12753.48,
    "OrderCount": 104
  },
  {
    "Year": 2018,
    "WeekNumber": 15,
    "WeekStartDate": "2018-04-09T00:00:00",
    "Category": "moveis decoracao",
    "Quantity": 118,
    "Revenue": 15061.45,
    "OrderCount": 118
  },
  {
    "Year": 2018,
    "WeekNumber": 15,
    "WeekStartDate": "2018-04-09T00:00:00",
    "Category": "relogios presentes",
    "Quantity": 74,
    "Revenue": 18978.48,
    "OrderCount": 74
  },
  {
    "Year": 2018,
    "WeekNumber": 15,
    "WeekStartDate": "2018-04-09T00:00:00",
    "Category": "telefonia",
    "Quantity": 71,
    "Revenue": 5175.93,
    "OrderCount": 71
  },
  {
    "Year": 2018,
    "WeekNumber": 15,
    "WeekStartDate": "2018-04-09T00:00:00",
    "Category": "utilidades domesticas",
    "Quantity": 110,
    "Revenue": 12929.56,
    "OrderCount": 110
  },
  {
    "Year": 2018,
    "WeekNumber": 16,
    "WeekStartDate": "2018-04-16T00:00:00",
    "Category": "automotivo",
    "Quantity": 80,
    "Revenue": 12361.67,
    "OrderCount": 80
  },
  {
    "Year": 2018,
    "WeekNumber": 16,
    "WeekStartDate": "2018-04-16T00:00:00",
    "Category": "beleza saude",
    "Quantity": 151,
    "Revenue": 24120.05,
    "OrderCount": 151
  },
  {
    "Year": 2018,
    "WeekNumber": 16,
    "WeekStartDate": "2018-04-16T00:00:00",
    "Category": "brinquedos",
    "Quantity": 55,
    "Revenue": 6671.79,
    "OrderCount": 55
  },
  {
    "Year": 2018,
    "WeekNumber": 16,
    "WeekStartDate": "2018-04-16T00:00:00",
    "Category": "cama mesa banho",
    "Quantity": 180,
    "Revenue": 19469.41,
    "OrderCount": 180
  },
  {
    "Year": 2018,
    "WeekNumber": 16,
    "WeekStartDate": "2018-04-16T00:00:00",
    "Category": "cool stuff",
    "Quantity": 44,
    "Revenue": 10549.73,
    "OrderCount": 44
  },
  {
    "Year": 2018,
    "WeekNumber": 16,
    "WeekStartDate": "2018-04-16T00:00:00",
    "Category": "esporte lazer",
    "Quantity": 114,
    "Revenue": 14248.68,
    "OrderCount": 114
  },
  {
    "Year": 2018,
    "WeekNumber": 16,
    "WeekStartDate": "2018-04-16T00:00:00",
    "Category": "ferramentas jardim",
    "Quantity": 86,
    "Revenue": 9720.82,
    "OrderCount": 86
  },
  {
    "Year": 2018,
    "WeekNumber": 16,
    "WeekStartDate": "2018-04-16T00:00:00",
    "Category": "informatica acessorios",
    "Quantity": 141,
    "Revenue": 16242.59,
    "OrderCount": 141
  },
  {
    "Year": 2018,
    "WeekNumber": 16,
    "WeekStartDate": "2018-04-16T00:00:00",
    "Category": "moveis decoracao",
    "Quantity": 168,
    "Revenue": 17027.77,
    "OrderCount": 168
  },
  {
    "Year": 2018,
    "WeekNumber": 16,
    "WeekStartDate": "2018-04-16T00:00:00",
    "Category": "relogios presentes",
    "Quantity": 110,
    "Revenue": 19842.26,
    "OrderCount": 110
  },
  {
    "Year": 2018,
    "WeekNumber": 16,
    "WeekStartDate": "2018-04-16T00:00:00",
    "Category": "telefonia",
    "Quantity": 78,
    "Revenue": 5234.81,
    "OrderCount": 78
  },
  {
    "Year": 2018,
    "WeekNumber": 16,
    "WeekStartDate": "2018-04-16T00:00:00",
    "Category": "utilidades domesticas",
    "Quantity": 118,
    "Revenue": 13892.54,
    "OrderCount": 118
  },
  {
    "Year": 2018,
    "WeekNumber": 17,
    "WeekStartDate": "2018-04-23T00:00:00",
    "Category": "automotivo",
    "Quantity": 73,
    "Revenue": 10630.27,
    "OrderCount": 73
  },
  {
    "Year": 2018,
    "WeekNumber": 17,
    "WeekStartDate": "2018-04-23T00:00:00",
    "Category": "beleza saude",
    "Quantity": 177,
    "Revenue": 25134.24,
    "OrderCount": 177
  },
  {
    "Year": 2018,
    "WeekNumber": 17,
    "WeekStartDate": "2018-04-23T00:00:00",
    "Category": "brinquedos",
    "Quantity": 53,
    "Revenue": 7946.24,
    "OrderCount": 53
  },
  {
    "Year": 2018,
    "WeekNumber": 17,
    "WeekStartDate": "2018-04-23T00:00:00",
    "Category": "cama mesa banho",
    "Quantity": 161,
    "Revenue": 18944.89,
    "OrderCount": 161
  },
  {
    "Year": 2018,
    "WeekNumber": 17,
    "WeekStartDate": "2018-04-23T00:00:00",
    "Category": "cool stuff",
    "Quantity": 48,
    "Revenue": 8451.37,
    "OrderCount": 48
  },
  {
    "Year": 2018,
    "WeekNumber": 17,
    "WeekStartDate": "2018-04-23T00:00:00",
    "Category": "esporte lazer",
    "Quantity": 129,
    "Revenue": 18075.64,
    "OrderCount": 129
  },
  {
    "Year": 2018,
    "WeekNumber": 17,
    "WeekStartDate": "2018-04-23T00:00:00",
    "Category": "ferramentas jardim",
    "Quantity": 73,
    "Revenue": 14277.07,
    "OrderCount": 73
  },
  {
    "Year": 2018,
    "WeekNumber": 17,
    "WeekStartDate": "2018-04-23T00:00:00",
    "Category": "informatica acessorios",
    "Quantity": 99,
    "Revenue": 11071.84,
    "OrderCount": 99
  },
  {
    "Year": 2018,
    "WeekNumber": 17,
    "WeekStartDate": "2018-04-23T00:00:00",
    "Category": "moveis decoracao",
    "Quantity": 129,
    "Revenue": 15824.05,
    "OrderCount": 129
  },
  {
    "Year": 2018,
    "WeekNumber": 17,
    "WeekStartDate": "2018-04-23T00:00:00",
    "Category": "relogios presentes",
    "Quantity": 182,
    "Revenue": 29656.05,
    "OrderCount": 182
  },
  {
    "Year": 2018,
    "WeekNumber": 17,
    "WeekStartDate": "2018-04-23T00:00:00",
    "Category": "telefonia",
    "Quantity": 60,
    "Revenue": 5842.88,
    "OrderCount": 60
  },
  {
    "Year": 2018,
    "WeekNumber": 17,
    "WeekStartDate": "2018-04-23T00:00:00",
    "Category": "utilidades domesticas",
    "Quantity": 126,
    "Revenue": 15698.55,
    "OrderCount": 126
  },
  {
    "Year": 2018,
    "WeekNumber": 18,
    "WeekStartDate": "2018-04-30T00:00:00",
    "Category": "automotivo",
    "Quantity": 78,
    "Revenue": 12435.20,
    "OrderCount": 78
  },
  {
    "Year": 2018,
    "WeekNumber": 18,
    "WeekStartDate": "2018-04-30T00:00:00",
    "Category": "beleza saude",
    "Quantity": 226,
    "Revenue": 29799.08,
    "OrderCount": 226
  },
  {
    "Year": 2018,
    "WeekNumber": 18,
    "WeekStartDate": "2018-04-30T00:00:00",
    "Category": "brinquedos",
    "Quantity": 55,
    "Revenue": 7063.61,
    "OrderCount": 55
  },
  {
    "Year": 2018,
    "WeekNumber": 18,
    "WeekStartDate": "2018-04-30T00:00:00",
    "Category": "cama mesa banho",
    "Quantity": 184,
    "Revenue": 21173.03,
    "OrderCount": 184
  },
  {
    "Year": 2018,
    "WeekNumber": 18,
    "WeekStartDate": "2018-04-30T00:00:00",
    "Category": "cool stuff",
    "Quantity": 62,
    "Revenue": 12087.65,
    "OrderCount": 62
  },
  {
    "Year": 2018,
    "WeekNumber": 18,
    "WeekStartDate": "2018-04-30T00:00:00",
    "Category": "esporte lazer",
    "Quantity": 130,
    "Revenue": 19226.89,
    "OrderCount": 130
  },
  {
    "Year": 2018,
    "WeekNumber": 18,
    "WeekStartDate": "2018-04-30T00:00:00",
    "Category": "ferramentas jardim",
    "Quantity": 96,
    "Revenue": 8927.84,
    "OrderCount": 96
  },
  {
    "Year": 2018,
    "WeekNumber": 18,
    "WeekStartDate": "2018-04-30T00:00:00",
    "Category": "informatica acessorios",
    "Quantity": 105,
    "Revenue": 13036.32,
    "OrderCount": 105
  },
  {
    "Year": 2018,
    "WeekNumber": 18,
    "WeekStartDate": "2018-04-30T00:00:00",
    "Category": "moveis decoracao",
    "Quantity": 139,
    "Revenue": 15089.57,
    "OrderCount": 139
  },
  {
    "Year": 2018,
    "WeekNumber": 18,
    "WeekStartDate": "2018-04-30T00:00:00",
    "Category": "relogios presentes",
    "Quantity": 206,
    "Revenue": 37292.22,
    "OrderCount": 206
  },
  {
    "Year": 2018,
    "WeekNumber": 18,
    "WeekStartDate": "2018-04-30T00:00:00",
    "Category": "telefonia",
    "Quantity": 54,
    "Revenue": 4725.64,
    "OrderCount": 54
  },
  {
    "Year": 2018,
    "WeekNumber": 18,
    "WeekStartDate": "2018-04-30T00:00:00",
    "Category": "utilidades domesticas",
    "Quantity": 137,
    "Revenue": 17235.93,
    "OrderCount": 137
  },
  {
    "Year": 2018,
    "WeekNumber": 19,
    "WeekStartDate": "2018-05-07T00:00:00",
    "Category": "automotivo",
    "Quantity": 90,
    "Revenue": 13992.60,
    "OrderCount": 90
  },
  {
    "Year": 2018,
    "WeekNumber": 19,
    "WeekStartDate": "2018-05-07T00:00:00",
    "Category": "beleza saude",
    "Quantity": 240,
    "Revenue": 30923.31,
    "OrderCount": 240
  },
  {
    "Year": 2018,
    "WeekNumber": 19,
    "WeekStartDate": "2018-05-07T00:00:00",
    "Category": "brinquedos",
    "Quantity": 64,
    "Revenue": 12219.49,
    "OrderCount": 64
  },
  {
    "Year": 2018,
    "WeekNumber": 19,
    "WeekStartDate": "2018-05-07T00:00:00",
    "Category": "cama mesa banho",
    "Quantity": 163,
    "Revenue": 16614.09,
    "OrderCount": 163
  },
  {
    "Year": 2018,
    "WeekNumber": 19,
    "WeekStartDate": "2018-05-07T00:00:00",
    "Category": "cool stuff",
    "Quantity": 48,
    "Revenue": 8541.24,
    "OrderCount": 48
  },
  {
    "Year": 2018,
    "WeekNumber": 19,
    "WeekStartDate": "2018-05-07T00:00:00",
    "Category": "esporte lazer",
    "Quantity": 146,
    "Revenue": 19794.58,
    "OrderCount": 146
  },
  {
    "Year": 2018,
    "WeekNumber": 19,
    "WeekStartDate": "2018-05-07T00:00:00",
    "Category": "ferramentas jardim",
    "Quantity": 61,
    "Revenue": 13656.81,
    "OrderCount": 61
  },
  {
    "Year": 2018,
    "WeekNumber": 19,
    "WeekStartDate": "2018-05-07T00:00:00",
    "Category": "informatica acessorios",
    "Quantity": 132,
    "Revenue": 18988.45,
    "OrderCount": 132
  },
  {
    "Year": 2018,
    "WeekNumber": 19,
    "WeekStartDate": "2018-05-07T00:00:00",
    "Category": "moveis decoracao",
    "Quantity": 173,
    "Revenue": 18832.57,
    "OrderCount": 173
  },
  {
    "Year": 2018,
    "WeekNumber": 19,
    "WeekStartDate": "2018-05-07T00:00:00",
    "Category": "relogios presentes",
    "Quantity": 222,
    "Revenue": 42979.36,
    "OrderCount": 222
  },
  {
    "Year": 2018,
    "WeekNumber": 19,
    "WeekStartDate": "2018-05-07T00:00:00",
    "Category": "telefonia",
    "Quantity": 79,
    "Revenue": 7277.44,
    "OrderCount": 79
  },
  {
    "Year": 2018,
    "WeekNumber": 19,
    "WeekStartDate": "2018-05-07T00:00:00",
    "Category": "utilidades domesticas",
    "Quantity": 172,
    "Revenue": 19567.14,
    "OrderCount": 172
  },
  {
    "Year": 2018,
    "WeekNumber": 20,
    "WeekStartDate": "2018-05-14T00:00:00",
    "Category": "automotivo",
    "Quantity": 96,
    "Revenue": 14426.38,
    "OrderCount": 96
  },
  {
    "Year": 2018,
    "WeekNumber": 20,
    "WeekStartDate": "2018-05-14T00:00:00",
    "Category": "beleza saude",
    "Quantity": 164,
    "Revenue": 24356.54,
    "OrderCount": 164
  },
  {
    "Year": 2018,
    "WeekNumber": 20,
    "WeekStartDate": "2018-05-14T00:00:00",
    "Category": "brinquedos",
    "Quantity": 56,
    "Revenue": 10767.84,
    "OrderCount": 56
  },
  {
    "Year": 2018,
    "WeekNumber": 20,
    "WeekStartDate": "2018-05-14T00:00:00",
    "Category": "cama mesa banho",
    "Quantity": 215,
    "Revenue": 25902.55,
    "OrderCount": 215
  },
  {
    "Year": 2018,
    "WeekNumber": 20,
    "WeekStartDate": "2018-05-14T00:00:00",
    "Category": "cool stuff",
    "Quantity": 49,
    "Revenue": 9576.98,
    "OrderCount": 49
  },
  {
    "Year": 2018,
    "WeekNumber": 20,
    "WeekStartDate": "2018-05-14T00:00:00",
    "Category": "esporte lazer",
    "Quantity": 132,
    "Revenue": 16978.94,
    "OrderCount": 132
  },
  {
    "Year": 2018,
    "WeekNumber": 20,
    "WeekStartDate": "2018-05-14T00:00:00",
    "Category": "ferramentas jardim",
    "Quantity": 85,
    "Revenue": 14553.09,
    "OrderCount": 85
  },
  {
    "Year": 2018,
    "WeekNumber": 20,
    "WeekStartDate": "2018-05-14T00:00:00",
    "Category": "informatica acessorios",
    "Quantity": 124,
    "Revenue": 14727.76,
    "OrderCount": 124
  },
  {
    "Year": 2018,
    "WeekNumber": 20,
    "WeekStartDate": "2018-05-14T00:00:00",
    "Category": "moveis decoracao",
    "Quantity": 176,
    "Revenue": 19276.74,
    "OrderCount": 176
  },
  {
    "Year": 2018,
    "WeekNumber": 20,
    "WeekStartDate": "2018-05-14T00:00:00",
    "Category": "relogios presentes",
    "Quantity": 115,
    "Revenue": 24402.22,
    "OrderCount": 115
  },
  {
    "Year": 2018,
    "WeekNumber": 20,
    "WeekStartDate": "2018-05-14T00:00:00",
    "Category": "telefonia",
    "Quantity": 61,
    "Revenue": 4517.58,
    "OrderCount": 61
  },
  {
    "Year": 2018,
    "WeekNumber": 20,
    "WeekStartDate": "2018-05-14T00:00:00",
    "Category": "utilidades domesticas",
    "Quantity": 177,
    "Revenue": 22583.44,
    "OrderCount": 177
  },
  {
    "Year": 2018,
    "WeekNumber": 21,
    "WeekStartDate": "2018-05-21T00:00:00",
    "Category": "automotivo",
    "Quantity": 37,
    "Revenue": 4979.46,
    "OrderCount": 37
  },
  {
    "Year": 2018,
    "WeekNumber": 21,
    "WeekStartDate": "2018-05-21T00:00:00",
    "Category": "beleza saude",
    "Quantity": 95,
    "Revenue": 11875.06,
    "OrderCount": 95
  },
  {
    "Year": 2018,
    "WeekNumber": 21,
    "WeekStartDate": "2018-05-21T00:00:00",
    "Category": "brinquedos",
    "Quantity": 35,
    "Revenue": 4768.92,
    "OrderCount": 35
  },
  {
    "Year": 2018,
    "WeekNumber": 21,
    "WeekStartDate": "2018-05-21T00:00:00",
    "Category": "cama mesa banho",
    "Quantity": 132,
    "Revenue": 15185.27,
    "OrderCount": 132
  },
  {
    "Year": 2018,
    "WeekNumber": 21,
    "WeekStartDate": "2018-05-21T00:00:00",
    "Category": "cool stuff",
    "Quantity": 17,
    "Revenue": 3835.41,
    "OrderCount": 17
  },
  {
    "Year": 2018,
    "WeekNumber": 21,
    "WeekStartDate": "2018-05-21T00:00:00",
    "Category": "esporte lazer",
    "Quantity": 56,
    "Revenue": 7339.04,
    "OrderCount": 56
  },
  {
    "Year": 2018,
    "WeekNumber": 21,
    "WeekStartDate": "2018-05-21T00:00:00",
    "Category": "ferramentas jardim",
    "Quantity": 45,
    "Revenue": 5209.66,
    "OrderCount": 45
  },
  {
    "Year": 2018,
    "WeekNumber": 21,
    "WeekStartDate": "2018-05-21T00:00:00",
    "Category": "informatica acessorios",
    "Quantity": 73,
    "Revenue": 10355.17,
    "OrderCount": 73
  },
  {
    "Year": 2018,
    "WeekNumber": 21,
    "WeekStartDate": "2018-05-21T00:00:00",
    "Category": "moveis decoracao",
    "Quantity": 81,
    "Revenue": 9423.80,
    "OrderCount": 81
  },
  {
    "Year": 2018,
    "WeekNumber": 21,
    "WeekStartDate": "2018-05-21T00:00:00",
    "Category": "relogios presentes",
    "Quantity": 61,
    "Revenue": 12333.16,
    "OrderCount": 61
  },
  {
    "Year": 2018,
    "WeekNumber": 21,
    "WeekStartDate": "2018-05-21T00:00:00",
    "Category": "telefonia",
    "Quantity": 39,
    "Revenue": 2798.30,
    "OrderCount": 39
  },
  {
    "Year": 2018,
    "WeekNumber": 21,
    "WeekStartDate": "2018-05-21T00:00:00",
    "Category": "utilidades domesticas",
    "Quantity": 82,
    "Revenue": 9816.80,
    "OrderCount": 82
  },
  {
    "Year": 2018,
    "WeekNumber": 22,
    "WeekStartDate": "2018-05-28T00:00:00",
    "Category": "automotivo",
    "Quantity": 41,
    "Revenue": 10490.09,
    "OrderCount": 41
  },
  {
    "Year": 2018,
    "WeekNumber": 22,
    "WeekStartDate": "2018-05-28T00:00:00",
    "Category": "beleza saude",
    "Quantity": 113,
    "Revenue": 26702.78,
    "OrderCount": 113
  },
  {
    "Year": 2018,
    "WeekNumber": 22,
    "WeekStartDate": "2018-05-28T00:00:00",
    "Category": "brinquedos",
    "Quantity": 41,
    "Revenue": 7578.31,
    "OrderCount": 41
  },
  {
    "Year": 2018,
    "WeekNumber": 22,
    "WeekStartDate": "2018-05-28T00:00:00",
    "Category": "cama mesa banho",
    "Quantity": 129,
    "Revenue": 16066.42,
    "OrderCount": 129
  },
  {
    "Year": 2018,
    "WeekNumber": 22,
    "WeekStartDate": "2018-05-28T00:00:00",
    "Category": "cool stuff",
    "Quantity": 17,
    "Revenue": 3290.35,
    "OrderCount": 17
  },
  {
    "Year": 2018,
    "WeekNumber": 22,
    "WeekStartDate": "2018-05-28T00:00:00",
    "Category": "esporte lazer",
    "Quantity": 83,
    "Revenue": 11844.81,
    "OrderCount": 83
  },
  {
    "Year": 2018,
    "WeekNumber": 22,
    "WeekStartDate": "2018-05-28T00:00:00",
    "Category": "ferramentas jardim",
    "Quantity": 28,
    "Revenue": 3890.44,
    "OrderCount": 28
  },
  {
    "Year": 2018,
    "WeekNumber": 22,
    "WeekStartDate": "2018-05-28T00:00:00",
    "Category": "informatica acessorios",
    "Quantity": 49,
    "Revenue": 7231.12,
    "OrderCount": 49
  },
  {
    "Year": 2018,
    "WeekNumber": 22,
    "WeekStartDate": "2018-05-28T00:00:00",
    "Category": "moveis decoracao",
    "Quantity": 88,
    "Revenue": 8611.88,
    "OrderCount": 88
  },
  {
    "Year": 2018,
    "WeekNumber": 22,
    "WeekStartDate": "2018-05-28T00:00:00",
    "Category": "relogios presentes",
    "Quantity": 90,
    "Revenue": 25161.06,
    "OrderCount": 90
  },
  {
    "Year": 2018,
    "WeekNumber": 22,
    "WeekStartDate": "2018-05-28T00:00:00",
    "Category": "telefonia",
    "Quantity": 41,
    "Revenue": 6257.75,
    "OrderCount": 41
  },
  {
    "Year": 2018,
    "WeekNumber": 22,
    "WeekStartDate": "2018-05-28T00:00:00",
    "Category": "utilidades domesticas",
    "Quantity": 124,
    "Revenue": 16304.94,
    "OrderCount": 124
  },
  {
    "Year": 2018,
    "WeekNumber": 23,
    "WeekStartDate": "2018-06-04T00:00:00",
    "Category": "automotivo",
    "Quantity": 79,
    "Revenue": 11012.26,
    "OrderCount": 79
  },
  {
    "Year": 2018,
    "WeekNumber": 23,
    "WeekStartDate": "2018-06-04T00:00:00",
    "Category": "beleza saude",
    "Quantity": 192,
    "Revenue": 34448.81,
    "OrderCount": 192
  },
  {
    "Year": 2018,
    "WeekNumber": 23,
    "WeekStartDate": "2018-06-04T00:00:00",
    "Category": "brinquedos",
    "Quantity": 46,
    "Revenue": 4397.16,
    "OrderCount": 46
  },
  {
    "Year": 2018,
    "WeekNumber": 23,
    "WeekStartDate": "2018-06-04T00:00:00",
    "Category": "cama mesa banho",
    "Quantity": 198,
    "Revenue": 20793.51,
    "OrderCount": 198
  },
  {
    "Year": 2018,
    "WeekNumber": 23,
    "WeekStartDate": "2018-06-04T00:00:00",
    "Category": "cool stuff",
    "Quantity": 21,
    "Revenue": 3316.68,
    "OrderCount": 21
  },
  {
    "Year": 2018,
    "WeekNumber": 23,
    "WeekStartDate": "2018-06-04T00:00:00",
    "Category": "esporte lazer",
    "Quantity": 77,
    "Revenue": 8675.88,
    "OrderCount": 77
  },
  {
    "Year": 2018,
    "WeekNumber": 23,
    "WeekStartDate": "2018-06-04T00:00:00",
    "Category": "ferramentas jardim",
    "Quantity": 47,
    "Revenue": 5629.12,
    "OrderCount": 47
  },
  {
    "Year": 2018,
    "WeekNumber": 23,
    "WeekStartDate": "2018-06-04T00:00:00",
    "Category": "informatica acessorios",
    "Quantity": 111,
    "Revenue": 15382.58,
    "OrderCount": 111
  },
  {
    "Year": 2018,
    "WeekNumber": 23,
    "WeekStartDate": "2018-06-04T00:00:00",
    "Category": "moveis decoracao",
    "Quantity": 68,
    "Revenue": 9245.85,
    "OrderCount": 68
  },
  {
    "Year": 2018,
    "WeekNumber": 23,
    "WeekStartDate": "2018-06-04T00:00:00",
    "Category": "relogios presentes",
    "Quantity": 90,
    "Revenue": 18485.31,
    "OrderCount": 90
  },
  {
    "Year": 2018,
    "WeekNumber": 23,
    "WeekStartDate": "2018-06-04T00:00:00",
    "Category": "telefonia",
    "Quantity": 45,
    "Revenue": 8454.49,
    "OrderCount": 45
  },
  {
    "Year": 2018,
    "WeekNumber": 23,
    "WeekStartDate": "2018-06-04T00:00:00",
    "Category": "utilidades domesticas",
    "Quantity": 165,
    "Revenue": 16526.70,
    "OrderCount": 165
  },
  {
    "Year": 2018,
    "WeekNumber": 24,
    "WeekStartDate": "2018-06-11T00:00:00",
    "Category": "automotivo",
    "Quantity": 55,
    "Revenue": 9416.76,
    "OrderCount": 55
  },
  {
    "Year": 2018,
    "WeekNumber": 24,
    "WeekStartDate": "2018-06-11T00:00:00",
    "Category": "beleza saude",
    "Quantity": 223,
    "Revenue": 32078.49,
    "OrderCount": 223
  },
  {
    "Year": 2018,
    "WeekNumber": 24,
    "WeekStartDate": "2018-06-11T00:00:00",
    "Category": "brinquedos",
    "Quantity": 50,
    "Revenue": 8157.81,
    "OrderCount": 50
  },
  {
    "Year": 2018,
    "WeekNumber": 24,
    "WeekStartDate": "2018-06-11T00:00:00",
    "Category": "cama mesa banho",
    "Quantity": 182,
    "Revenue": 19624.98,
    "OrderCount": 182
  },
  {
    "Year": 2018,
    "WeekNumber": 24,
    "WeekStartDate": "2018-06-11T00:00:00",
    "Category": "cool stuff",
    "Quantity": 20,
    "Revenue": 7325.51,
    "OrderCount": 20
  },
  {
    "Year": 2018,
    "WeekNumber": 24,
    "WeekStartDate": "2018-06-11T00:00:00",
    "Category": "esporte lazer",
    "Quantity": 109,
    "Revenue": 14326.82,
    "OrderCount": 109
  },
  {
    "Year": 2018,
    "WeekNumber": 24,
    "WeekStartDate": "2018-06-11T00:00:00",
    "Category": "ferramentas jardim",
    "Quantity": 41,
    "Revenue": 5208.68,
    "OrderCount": 41
  },
  {
    "Year": 2018,
    "WeekNumber": 24,
    "WeekStartDate": "2018-06-11T00:00:00",
    "Category": "informatica acessorios",
    "Quantity": 79,
    "Revenue": 9399.95,
    "OrderCount": 79
  },
  {
    "Year": 2018,
    "WeekNumber": 24,
    "WeekStartDate": "2018-06-11T00:00:00",
    "Category": "moveis decoracao",
    "Quantity": 99,
    "Revenue": 14257.14,
    "OrderCount": 99
  },
  {
    "Year": 2018,
    "WeekNumber": 24,
    "WeekStartDate": "2018-06-11T00:00:00",
    "Category": "relogios presentes",
    "Quantity": 135,
    "Revenue": 28078.24,
    "OrderCount": 135
  },
  {
    "Year": 2018,
    "WeekNumber": 24,
    "WeekStartDate": "2018-06-11T00:00:00",
    "Category": "telefonia",
    "Quantity": 61,
    "Revenue": 7013.87,
    "OrderCount": 61
  },
  {
    "Year": 2018,
    "WeekNumber": 24,
    "WeekStartDate": "2018-06-11T00:00:00",
    "Category": "utilidades domesticas",
    "Quantity": 128,
    "Revenue": 17129.14,
    "OrderCount": 128
  },
  {
    "Year": 2018,
    "WeekNumber": 25,
    "WeekStartDate": "2018-06-18T00:00:00",
    "Category": "automotivo",
    "Quantity": 73,
    "Revenue": 12458.65,
    "OrderCount": 73
  },
  {
    "Year": 2018,
    "WeekNumber": 25,
    "WeekStartDate": "2018-06-18T00:00:00",
    "Category": "beleza saude",
    "Quantity": 224,
    "Revenue": 27446.68,
    "OrderCount": 224
  },
  {
    "Year": 2018,
    "WeekNumber": 25,
    "WeekStartDate": "2018-06-18T00:00:00",
    "Category": "brinquedos",
    "Quantity": 35,
    "Revenue": 3765.20,
    "OrderCount": 35
  },
  {
    "Year": 2018,
    "WeekNumber": 25,
    "WeekStartDate": "2018-06-18T00:00:00",
    "Category": "cama mesa banho",
    "Quantity": 193,
    "Revenue": 23875.11,
    "OrderCount": 193
  },
  {
    "Year": 2018,
    "WeekNumber": 25,
    "WeekStartDate": "2018-06-18T00:00:00",
    "Category": "cool stuff",
    "Quantity": 24,
    "Revenue": 5078.52,
    "OrderCount": 24
  },
  {
    "Year": 2018,
    "WeekNumber": 25,
    "WeekStartDate": "2018-06-18T00:00:00",
    "Category": "esporte lazer",
    "Quantity": 107,
    "Revenue": 13688.77,
    "OrderCount": 107
  },
  {
    "Year": 2018,
    "WeekNumber": 25,
    "WeekStartDate": "2018-06-18T00:00:00",
    "Category": "ferramentas jardim",
    "Quantity": 30,
    "Revenue": 3483.88,
    "OrderCount": 30
  },
  {
    "Year": 2018,
    "WeekNumber": 25,
    "WeekStartDate": "2018-06-18T00:00:00",
    "Category": "informatica acessorios",
    "Quantity": 104,
    "Revenue": 11611.58,
    "OrderCount": 104
  },
  {
    "Year": 2018,
    "WeekNumber": 25,
    "WeekStartDate": "2018-06-18T00:00:00",
    "Category": "moveis decoracao",
    "Quantity": 87,
    "Revenue": 10612.62,
    "OrderCount": 87
  },
  {
    "Year": 2018,
    "WeekNumber": 25,
    "WeekStartDate": "2018-06-18T00:00:00",
    "Category": "relogios presentes",
    "Quantity": 117,
    "Revenue": 20860.71,
    "OrderCount": 117
  },
  {
    "Year": 2018,
    "WeekNumber": 25,
    "WeekStartDate": "2018-06-18T00:00:00",
    "Category": "telefonia",
    "Quantity": 58,
    "Revenue": 5464.69,
    "OrderCount": 58
  },
  {
    "Year": 2018,
    "WeekNumber": 25,
    "WeekStartDate": "2018-06-18T00:00:00",
    "Category": "utilidades domesticas",
    "Quantity": 112,
    "Revenue": 13366.46,
    "OrderCount": 112
  },
  {
    "Year": 2018,
    "WeekNumber": 26,
    "WeekStartDate": "2018-06-25T00:00:00",
    "Category": "automotivo",
    "Quantity": 69,
    "Revenue": 12125.02,
    "OrderCount": 69
  },
  {
    "Year": 2018,
    "WeekNumber": 26,
    "WeekStartDate": "2018-06-25T00:00:00",
    "Category": "beleza saude",
    "Quantity": 188,
    "Revenue": 20231.33,
    "OrderCount": 188
  },
  {
    "Year": 2018,
    "WeekNumber": 26,
    "WeekStartDate": "2018-06-25T00:00:00",
    "Category": "brinquedos",
    "Quantity": 44,
    "Revenue": 5080.95,
    "OrderCount": 44
  },
  {
    "Year": 2018,
    "WeekNumber": 26,
    "WeekStartDate": "2018-06-25T00:00:00",
    "Category": "cama mesa banho",
    "Quantity": 154,
    "Revenue": 17437.33,
    "OrderCount": 154
  },
  {
    "Year": 2018,
    "WeekNumber": 26,
    "WeekStartDate": "2018-06-25T00:00:00",
    "Category": "cool stuff",
    "Quantity": 34,
    "Revenue": 5488.61,
    "OrderCount": 34
  },
  {
    "Year": 2018,
    "WeekNumber": 26,
    "WeekStartDate": "2018-06-25T00:00:00",
    "Category": "esporte lazer",
    "Quantity": 99,
    "Revenue": 14633.54,
    "OrderCount": 99
  },
  {
    "Year": 2018,
    "WeekNumber": 26,
    "WeekStartDate": "2018-06-25T00:00:00",
    "Category": "ferramentas jardim",
    "Quantity": 71,
    "Revenue": 8900.72,
    "OrderCount": 71
  },
  {
    "Year": 2018,
    "WeekNumber": 26,
    "WeekStartDate": "2018-06-25T00:00:00",
    "Category": "informatica acessorios",
    "Quantity": 103,
    "Revenue": 12375.19,
    "OrderCount": 103
  },
  {
    "Year": 2018,
    "WeekNumber": 26,
    "WeekStartDate": "2018-06-25T00:00:00",
    "Category": "moveis decoracao",
    "Quantity": 118,
    "Revenue": 16365.48,
    "OrderCount": 118
  },
  {
    "Year": 2018,
    "WeekNumber": 26,
    "WeekStartDate": "2018-06-25T00:00:00",
    "Category": "relogios presentes",
    "Quantity": 105,
    "Revenue": 21849.68,
    "OrderCount": 105
  },
  {
    "Year": 2018,
    "WeekNumber": 26,
    "WeekStartDate": "2018-06-25T00:00:00",
    "Category": "telefonia",
    "Quantity": 37,
    "Revenue": 4327.51,
    "OrderCount": 37
  },
  {
    "Year": 2018,
    "WeekNumber": 26,
    "WeekStartDate": "2018-06-25T00:00:00",
    "Category": "utilidades domesticas",
    "Quantity": 135,
    "Revenue": 17462.48,
    "OrderCount": 135
  },
  {
    "Year": 2018,
    "WeekNumber": 27,
    "WeekStartDate": "2018-07-02T00:00:00",
    "Category": "automotivo",
    "Quantity": 59,
    "Revenue": 7418.18,
    "OrderCount": 59
  },
  {
    "Year": 2018,
    "WeekNumber": 27,
    "WeekStartDate": "2018-07-02T00:00:00",
    "Category": "beleza saude",
    "Quantity": 181,
    "Revenue": 22863.25,
    "OrderCount": 181
  },
  {
    "Year": 2018,
    "WeekNumber": 27,
    "WeekStartDate": "2018-07-02T00:00:00",
    "Category": "brinquedos",
    "Quantity": 34,
    "Revenue": 3659.87,
    "OrderCount": 34
  },
  {
    "Year": 2018,
    "WeekNumber": 27,
    "WeekStartDate": "2018-07-02T00:00:00",
    "Category": "cama mesa banho",
    "Quantity": 125,
    "Revenue": 14279.42,
    "OrderCount": 125
  },
  {
    "Year": 2018,
    "WeekNumber": 27,
    "WeekStartDate": "2018-07-02T00:00:00",
    "Category": "cool stuff",
    "Quantity": 20,
    "Revenue": 2831.73,
    "OrderCount": 20
  },
  {
    "Year": 2018,
    "WeekNumber": 27,
    "WeekStartDate": "2018-07-02T00:00:00",
    "Category": "esporte lazer",
    "Quantity": 113,
    "Revenue": 14495.09,
    "OrderCount": 113
  },
  {
    "Year": 2018,
    "WeekNumber": 27,
    "WeekStartDate": "2018-07-02T00:00:00",
    "Category": "ferramentas jardim",
    "Quantity": 36,
    "Revenue": 7205.68,
    "OrderCount": 36
  },
  {
    "Year": 2018,
    "WeekNumber": 27,
    "WeekStartDate": "2018-07-02T00:00:00",
    "Category": "informatica acessorios",
    "Quantity": 78,
    "Revenue": 10325.73,
    "OrderCount": 78
  },
  {
    "Year": 2018,
    "WeekNumber": 27,
    "WeekStartDate": "2018-07-02T00:00:00",
    "Category": "moveis decoracao",
    "Quantity": 89,
    "Revenue": 10724.34,
    "OrderCount": 89
  },
  {
    "Year": 2018,
    "WeekNumber": 27,
    "WeekStartDate": "2018-07-02T00:00:00",
    "Category": "relogios presentes",
    "Quantity": 85,
    "Revenue": 15882.40,
    "OrderCount": 85
  },
  {
    "Year": 2018,
    "WeekNumber": 27,
    "WeekStartDate": "2018-07-02T00:00:00",
    "Category": "telefonia",
    "Quantity": 35,
    "Revenue": 2770.85,
    "OrderCount": 35
  },
  {
    "Year": 2018,
    "WeekNumber": 27,
    "WeekStartDate": "2018-07-02T00:00:00",
    "Category": "utilidades domesticas",
    "Quantity": 109,
    "Revenue": 13365.62,
    "OrderCount": 109
  },
  {
    "Year": 2018,
    "WeekNumber": 28,
    "WeekStartDate": "2018-07-09T00:00:00",
    "Category": "automotivo",
    "Quantity": 55,
    "Revenue": 8653.15,
    "OrderCount": 55
  },
  {
    "Year": 2018,
    "WeekNumber": 28,
    "WeekStartDate": "2018-07-09T00:00:00",
    "Category": "beleza saude",
    "Quantity": 141,
    "Revenue": 27206.81,
    "OrderCount": 141
  },
  {
    "Year": 2018,
    "WeekNumber": 28,
    "WeekStartDate": "2018-07-09T00:00:00",
    "Category": "brinquedos",
    "Quantity": 22,
    "Revenue": 2860.52,
    "OrderCount": 22
  },
  {
    "Year": 2018,
    "WeekNumber": 28,
    "WeekStartDate": "2018-07-09T00:00:00",
    "Category": "cama mesa banho",
    "Quantity": 79,
    "Revenue": 9554.47,
    "OrderCount": 79
  },
  {
    "Year": 2018,
    "WeekNumber": 28,
    "WeekStartDate": "2018-07-09T00:00:00",
    "Category": "cool stuff",
    "Quantity": 26,
    "Revenue": 4771.37,
    "OrderCount": 26
  },
  {
    "Year": 2018,
    "WeekNumber": 28,
    "WeekStartDate": "2018-07-09T00:00:00",
    "Category": "esporte lazer",
    "Quantity": 59,
    "Revenue": 8654.21,
    "OrderCount": 59
  },
  {
    "Year": 2018,
    "WeekNumber": 28,
    "WeekStartDate": "2018-07-09T00:00:00",
    "Category": "ferramentas jardim",
    "Quantity": 22,
    "Revenue": 3856.78,
    "OrderCount": 22
  },
  {
    "Year": 2018,
    "WeekNumber": 28,
    "WeekStartDate": "2018-07-09T00:00:00",
    "Category": "informatica acessorios",
    "Quantity": 65,
    "Revenue": 7737.83,
    "OrderCount": 65
  },
  {
    "Year": 2018,
    "WeekNumber": 28,
    "WeekStartDate": "2018-07-09T00:00:00",
    "Category": "moveis decoracao",
    "Quantity": 43,
    "Revenue": 6447.37,
    "OrderCount": 43
  },
  {
    "Year": 2018,
    "WeekNumber": 28,
    "WeekStartDate": "2018-07-09T00:00:00",
    "Category": "relogios presentes",
    "Quantity": 120,
    "Revenue": 26593.38,
    "OrderCount": 120
  },
  {
    "Year": 2018,
    "WeekNumber": 28,
    "WeekStartDate": "2018-07-09T00:00:00",
    "Category": "telefonia",
    "Quantity": 31,
    "Revenue": 3321.81,
    "OrderCount": 31
  },
  {
    "Year": 2018,
    "WeekNumber": 28,
    "WeekStartDate": "2018-07-09T00:00:00",
    "Category": "utilidades domesticas",
    "Quantity": 68,
    "Revenue": 9883.46,
    "OrderCount": 68
  },
  {
    "Year": 2018,
    "WeekNumber": 29,
    "WeekStartDate": "2018-07-16T00:00:00",
    "Category": "automotivo",
    "Quantity": 93,
    "Revenue": 16013.94,
    "OrderCount": 93
  },
  {
    "Year": 2018,
    "WeekNumber": 29,
    "WeekStartDate": "2018-07-16T00:00:00",
    "Category": "beleza saude",
    "Quantity": 215,
    "Revenue": 32226.69,
    "OrderCount": 215
  },
  {
    "Year": 2018,
    "WeekNumber": 29,
    "WeekStartDate": "2018-07-16T00:00:00",
    "Category": "brinquedos",
    "Quantity": 42,
    "Revenue": 4654.22,
    "OrderCount": 42
  },
  {
    "Year": 2018,
    "WeekNumber": 29,
    "WeekStartDate": "2018-07-16T00:00:00",
    "Category": "cama mesa banho",
    "Quantity": 182,
    "Revenue": 19959.05,
    "OrderCount": 182
  },
  {
    "Year": 2018,
    "WeekNumber": 29,
    "WeekStartDate": "2018-07-16T00:00:00",
    "Category": "cool stuff",
    "Quantity": 27,
    "Revenue": 4570.02,
    "OrderCount": 27
  },
  {
    "Year": 2018,
    "WeekNumber": 29,
    "WeekStartDate": "2018-07-16T00:00:00",
    "Category": "esporte lazer",
    "Quantity": 104,
    "Revenue": 13673.51,
    "OrderCount": 104
  },
  {
    "Year": 2018,
    "WeekNumber": 29,
    "WeekStartDate": "2018-07-16T00:00:00",
    "Category": "ferramentas jardim",
    "Quantity": 40,
    "Revenue": 7724.85,
    "OrderCount": 40
  },
  {
    "Year": 2018,
    "WeekNumber": 29,
    "WeekStartDate": "2018-07-16T00:00:00",
    "Category": "informatica acessorios",
    "Quantity": 103,
    "Revenue": 11853.89,
    "OrderCount": 103
  },
  {
    "Year": 2018,
    "WeekNumber": 29,
    "WeekStartDate": "2018-07-16T00:00:00",
    "Category": "moveis decoracao",
    "Quantity": 116,
    "Revenue": 14563.70,
    "OrderCount": 116
  },
  {
    "Year": 2018,
    "WeekNumber": 29,
    "WeekStartDate": "2018-07-16T00:00:00",
    "Category": "relogios presentes",
    "Quantity": 143,
    "Revenue": 27491.42,
    "OrderCount": 143
  },
  {
    "Year": 2018,
    "WeekNumber": 29,
    "WeekStartDate": "2018-07-16T00:00:00",
    "Category": "telefonia",
    "Quantity": 61,
    "Revenue": 11413.93,
    "OrderCount": 61
  },
  {
    "Year": 2018,
    "WeekNumber": 29,
    "WeekStartDate": "2018-07-16T00:00:00",
    "Category": "utilidades domesticas",
    "Quantity": 129,
    "Revenue": 15434.39,
    "OrderCount": 129
  },
  {
    "Year": 2018,
    "WeekNumber": 30,
    "WeekStartDate": "2018-07-23T00:00:00",
    "Category": "automotivo",
    "Quantity": 97,
    "Revenue": 12833.92,
    "OrderCount": 97
  },
  {
    "Year": 2018,
    "WeekNumber": 30,
    "WeekStartDate": "2018-07-23T00:00:00",
    "Category": "beleza saude",
    "Quantity": 167,
    "Revenue": 27460.97,
    "OrderCount": 167
  },
  {
    "Year": 2018,
    "WeekNumber": 30,
    "WeekStartDate": "2018-07-23T00:00:00",
    "Category": "brinquedos",
    "Quantity": 40,
    "Revenue": 6865.49,
    "OrderCount": 40
  },
  {
    "Year": 2018,
    "WeekNumber": 30,
    "WeekStartDate": "2018-07-23T00:00:00",
    "Category": "cama mesa banho",
    "Quantity": 150,
    "Revenue": 15707.53,
    "OrderCount": 150
  },
  {
    "Year": 2018,
    "WeekNumber": 30,
    "WeekStartDate": "2018-07-23T00:00:00",
    "Category": "cool stuff",
    "Quantity": 26,
    "Revenue": 9110.84,
    "OrderCount": 26
  },
  {
    "Year": 2018,
    "WeekNumber": 30,
    "WeekStartDate": "2018-07-23T00:00:00",
    "Category": "esporte lazer",
    "Quantity": 130,
    "Revenue": 20432.20,
    "OrderCount": 130
  },
  {
    "Year": 2018,
    "WeekNumber": 30,
    "WeekStartDate": "2018-07-23T00:00:00",
    "Category": "ferramentas jardim",
    "Quantity": 58,
    "Revenue": 9121.27,
    "OrderCount": 58
  },
  {
    "Year": 2018,
    "WeekNumber": 30,
    "WeekStartDate": "2018-07-23T00:00:00",
    "Category": "informatica acessorios",
    "Quantity": 113,
    "Revenue": 13299.24,
    "OrderCount": 113
  },
  {
    "Year": 2018,
    "WeekNumber": 30,
    "WeekStartDate": "2018-07-23T00:00:00",
    "Category": "moveis decoracao",
    "Quantity": 130,
    "Revenue": 17812.30,
    "OrderCount": 130
  },
  {
    "Year": 2018,
    "WeekNumber": 30,
    "WeekStartDate": "2018-07-23T00:00:00",
    "Category": "relogios presentes",
    "Quantity": 113,
    "Revenue": 22627.90,
    "OrderCount": 113
  },
  {
    "Year": 2018,
    "WeekNumber": 30,
    "WeekStartDate": "2018-07-23T00:00:00",
    "Category": "telefonia",
    "Quantity": 61,
    "Revenue": 7487.01,
    "OrderCount": 61
  },
  {
    "Year": 2018,
    "WeekNumber": 30,
    "WeekStartDate": "2018-07-23T00:00:00",
    "Category": "utilidades domesticas",
    "Quantity": 165,
    "Revenue": 22253.17,
    "OrderCount": 165
  },
  {
    "Year": 2018,
    "WeekNumber": 31,
    "WeekStartDate": "2018-07-30T00:00:00",
    "Category": "automotivo",
    "Quantity": 99,
    "Revenue": 12249.76,
    "OrderCount": 99
  },
  {
    "Year": 2018,
    "WeekNumber": 31,
    "WeekStartDate": "2018-07-30T00:00:00",
    "Category": "beleza saude",
    "Quantity": 237,
    "Revenue": 39296.28,
    "OrderCount": 237
  },
  {
    "Year": 2018,
    "WeekNumber": 31,
    "WeekStartDate": "2018-07-30T00:00:00",
    "Category": "brinquedos",
    "Quantity": 42,
    "Revenue": 4889.25,
    "OrderCount": 42
  },
  {
    "Year": 2018,
    "WeekNumber": 31,
    "WeekStartDate": "2018-07-30T00:00:00",
    "Category": "cama mesa banho",
    "Quantity": 197,
    "Revenue": 24327.83,
    "OrderCount": 197
  },
  {
    "Year": 2018,
    "WeekNumber": 31,
    "WeekStartDate": "2018-07-30T00:00:00",
    "Category": "cool stuff",
    "Quantity": 40,
    "Revenue": 6708.09,
    "OrderCount": 40
  },
  {
    "Year": 2018,
    "WeekNumber": 31,
    "WeekStartDate": "2018-07-30T00:00:00",
    "Category": "esporte lazer",
    "Quantity": 146,
    "Revenue": 16707.52,
    "OrderCount": 146
  },
  {
    "Year": 2018,
    "WeekNumber": 31,
    "WeekStartDate": "2018-07-30T00:00:00",
    "Category": "ferramentas jardim",
    "Quantity": 32,
    "Revenue": 3866.92,
    "OrderCount": 32
  },
  {
    "Year": 2018,
    "WeekNumber": 31,
    "WeekStartDate": "2018-07-30T00:00:00",
    "Category": "informatica acessorios",
    "Quantity": 147,
    "Revenue": 17155.37,
    "OrderCount": 147
  },
  {
    "Year": 2018,
    "WeekNumber": 31,
    "WeekStartDate": "2018-07-30T00:00:00",
    "Category": "moveis decoracao",
    "Quantity": 146,
    "Revenue": 17530.60,
    "OrderCount": 146
  },
  {
    "Year": 2018,
    "WeekNumber": 31,
    "WeekStartDate": "2018-07-30T00:00:00",
    "Category": "relogios presentes",
    "Quantity": 157,
    "Revenue": 26097.70,
    "OrderCount": 157
  },
  {
    "Year": 2018,
    "WeekNumber": 31,
    "WeekStartDate": "2018-07-30T00:00:00",
    "Category": "telefonia",
    "Quantity": 98,
    "Revenue": 15247.84,
    "OrderCount": 98
  },
  {
    "Year": 2018,
    "WeekNumber": 31,
    "WeekStartDate": "2018-07-30T00:00:00",
    "Category": "utilidades domesticas",
    "Quantity": 194,
    "Revenue": 27258.25,
    "OrderCount": 194
  },
  {
    "Year": 2018,
    "WeekNumber": 32,
    "WeekStartDate": "2018-08-06T00:00:00",
    "Category": "automotivo",
    "Quantity": 135,
    "Revenue": 19136.44,
    "OrderCount": 135
  },
  {
    "Year": 2018,
    "WeekNumber": 32,
    "WeekStartDate": "2018-08-06T00:00:00",
    "Category": "beleza saude",
    "Quantity": 253,
    "Revenue": 44517.24,
    "OrderCount": 253
  },
  {
    "Year": 2018,
    "WeekNumber": 32,
    "WeekStartDate": "2018-08-06T00:00:00",
    "Category": "brinquedos",
    "Quantity": 52,
    "Revenue": 7008.55,
    "OrderCount": 52
  },
  {
    "Year": 2018,
    "WeekNumber": 32,
    "WeekStartDate": "2018-08-06T00:00:00",
    "Category": "cama mesa banho",
    "Quantity": 193,
    "Revenue": 21333.21,
    "OrderCount": 193
  },
  {
    "Year": 2018,
    "WeekNumber": 32,
    "WeekStartDate": "2018-08-06T00:00:00",
    "Category": "cool stuff",
    "Quantity": 39,
    "Revenue": 5932.89,
    "OrderCount": 39
  },
  {
    "Year": 2018,
    "WeekNumber": 32,
    "WeekStartDate": "2018-08-06T00:00:00",
    "Category": "esporte lazer",
    "Quantity": 126,
    "Revenue": 15925.01,
    "OrderCount": 126
  },
  {
    "Year": 2018,
    "WeekNumber": 32,
    "WeekStartDate": "2018-08-06T00:00:00",
    "Category": "ferramentas jardim",
    "Quantity": 52,
    "Revenue": 10257.32,
    "OrderCount": 52
  },
  {
    "Year": 2018,
    "WeekNumber": 32,
    "WeekStartDate": "2018-08-06T00:00:00",
    "Category": "informatica acessorios",
    "Quantity": 128,
    "Revenue": 17245.33,
    "OrderCount": 128
  },
  {
    "Year": 2018,
    "WeekNumber": 32,
    "WeekStartDate": "2018-08-06T00:00:00",
    "Category": "moveis decoracao",
    "Quantity": 143,
    "Revenue": 17461.49,
    "OrderCount": 143
  },
  {
    "Year": 2018,
    "WeekNumber": 32,
    "WeekStartDate": "2018-08-06T00:00:00",
    "Category": "relogios presentes",
    "Quantity": 121,
    "Revenue": 26256.09,
    "OrderCount": 121
  },
  {
    "Year": 2018,
    "WeekNumber": 32,
    "WeekStartDate": "2018-08-06T00:00:00",
    "Category": "telefonia",
    "Quantity": 105,
    "Revenue": 16839.78,
    "OrderCount": 105
  },
  {
    "Year": 2018,
    "WeekNumber": 32,
    "WeekStartDate": "2018-08-06T00:00:00",
    "Category": "utilidades domesticas",
    "Quantity": 171,
    "Revenue": 21046.34,
    "OrderCount": 171
  },
  {
    "Year": 2018,
    "WeekNumber": 33,
    "WeekStartDate": "2018-08-13T00:00:00",
    "Category": "automotivo",
    "Quantity": 103,
    "Revenue": 20116.41,
    "OrderCount": 103
  },
  {
    "Year": 2018,
    "WeekNumber": 33,
    "WeekStartDate": "2018-08-13T00:00:00",
    "Category": "beleza saude",
    "Quantity": 235,
    "Revenue": 36378.56,
    "OrderCount": 235
  },
  {
    "Year": 2018,
    "WeekNumber": 33,
    "WeekStartDate": "2018-08-13T00:00:00",
    "Category": "brinquedos",
    "Quantity": 45,
    "Revenue": 5757.08,
    "OrderCount": 45
  },
  {
    "Year": 2018,
    "WeekNumber": 33,
    "WeekStartDate": "2018-08-13T00:00:00",
    "Category": "cama mesa banho",
    "Quantity": 211,
    "Revenue": 23195.48,
    "OrderCount": 211
  },
  {
    "Year": 2018,
    "WeekNumber": 33,
    "WeekStartDate": "2018-08-13T00:00:00",
    "Category": "cool stuff",
    "Quantity": 29,
    "Revenue": 5061.54,
    "OrderCount": 29
  },
  {
    "Year": 2018,
    "WeekNumber": 33,
    "WeekStartDate": "2018-08-13T00:00:00",
    "Category": "esporte lazer",
    "Quantity": 149,
    "Revenue": 22424.72,
    "OrderCount": 149
  },
  {
    "Year": 2018,
    "WeekNumber": 33,
    "WeekStartDate": "2018-08-13T00:00:00",
    "Category": "ferramentas jardim",
    "Quantity": 41,
    "Revenue": 5380.62,
    "OrderCount": 41
  },
  {
    "Year": 2018,
    "WeekNumber": 33,
    "WeekStartDate": "2018-08-13T00:00:00",
    "Category": "informatica acessorios",
    "Quantity": 123,
    "Revenue": 13708.18,
    "OrderCount": 123
  },
  {
    "Year": 2018,
    "WeekNumber": 33,
    "WeekStartDate": "2018-08-13T00:00:00",
    "Category": "moveis decoracao",
    "Quantity": 124,
    "Revenue": 15829.01,
    "OrderCount": 124
  },
  {
    "Year": 2018,
    "WeekNumber": 33,
    "WeekStartDate": "2018-08-13T00:00:00",
    "Category": "relogios presentes",
    "Quantity": 112,
    "Revenue": 21469.85,
    "OrderCount": 112
  },
  {
    "Year": 2018,
    "WeekNumber": 33,
    "WeekStartDate": "2018-08-13T00:00:00",
    "Category": "telefonia",
    "Quantity": 62,
    "Revenue": 10032.04,
    "OrderCount": 62
  },
  {
    "Year": 2018,
    "WeekNumber": 33,
    "WeekStartDate": "2018-08-13T00:00:00",
    "Category": "utilidades domesticas",
    "Quantity": 192,
    "Revenue": 25351.92,
    "OrderCount": 192
  },
  {
    "Year": 2018,
    "WeekNumber": 34,
    "WeekStartDate": "2018-08-20T00:00:00",
    "Category": "automotivo",
    "Quantity": 59,
    "Revenue": 6125.56,
    "OrderCount": 59
  },
  {
    "Year": 2018,
    "WeekNumber": 34,
    "WeekStartDate": "2018-08-20T00:00:00",
    "Category": "beleza saude",
    "Quantity": 146,
    "Revenue": 22979.41,
    "OrderCount": 146
  },
  {
    "Year": 2018,
    "WeekNumber": 34,
    "WeekStartDate": "2018-08-20T00:00:00",
    "Category": "brinquedos",
    "Quantity": 32,
    "Revenue": 3705.79,
    "OrderCount": 32
  },
  {
    "Year": 2018,
    "WeekNumber": 34,
    "WeekStartDate": "2018-08-20T00:00:00",
    "Category": "cama mesa banho",
    "Quantity": 104,
    "Revenue": 11653.72,
    "OrderCount": 104
  },
  {
    "Year": 2018,
    "WeekNumber": 34,
    "WeekStartDate": "2018-08-20T00:00:00",
    "Category": "cool stuff",
    "Quantity": 19,
    "Revenue": 2745.49,
    "OrderCount": 19
  },
  {
    "Year": 2018,
    "WeekNumber": 34,
    "WeekStartDate": "2018-08-20T00:00:00",
    "Category": "esporte lazer",
    "Quantity": 79,
    "Revenue": 8337.10,
    "OrderCount": 79
  },
  {
    "Year": 2018,
    "WeekNumber": 34,
    "WeekStartDate": "2018-08-20T00:00:00",
    "Category": "ferramentas jardim",
    "Quantity": 18,
    "Revenue": 2051.47,
    "OrderCount": 18
  },
  {
    "Year": 2018,
    "WeekNumber": 34,
    "WeekStartDate": "2018-08-20T00:00:00",
    "Category": "informatica acessorios",
    "Quantity": 58,
    "Revenue": 4732.23,
    "OrderCount": 58
  },
  {
    "Year": 2018,
    "WeekNumber": 34,
    "WeekStartDate": "2018-08-20T00:00:00",
    "Category": "moveis decoracao",
    "Quantity": 60,
    "Revenue": 5809.95,
    "OrderCount": 60
  },
  {
    "Year": 2018,
    "WeekNumber": 34,
    "WeekStartDate": "2018-08-20T00:00:00",
    "Category": "relogios presentes",
    "Quantity": 60,
    "Revenue": 9161.36,
    "OrderCount": 60
  },
  {
    "Year": 2018,
    "WeekNumber": 34,
    "WeekStartDate": "2018-08-20T00:00:00",
    "Category": "telefonia",
    "Quantity": 35,
    "Revenue": 3821.67,
    "OrderCount": 35
  },
  {
    "Year": 2018,
    "WeekNumber": 34,
    "WeekStartDate": "2018-08-20T00:00:00",
    "Category": "utilidades domesticas",
    "Quantity": 108,
    "Revenue": 10511.21,
    "OrderCount": 108
  },
  {
    "Year": 2018,
    "WeekNumber": 35,
    "WeekStartDate": "2018-08-27T00:00:00",
    "Category": "automotivo",
    "Quantity": 6,
    "Revenue": 524.38,
    "OrderCount": 6
  },
  {
    "Year": 2018,
    "WeekNumber": 35,
    "WeekStartDate": "2018-08-27T00:00:00",
    "Category": "beleza saude",
    "Quantity": 20,
    "Revenue": 1881.47,
    "OrderCount": 20
  },
  {
    "Year": 2018,
    "WeekNumber": 35,
    "WeekStartDate": "2018-08-27T00:00:00",
    "Category": "brinquedos",
    "Quantity": 5,
    "Revenue": 385.93,
    "OrderCount": 5
  },
  {
    "Year": 2018,
    "WeekNumber": 35,
    "WeekStartDate": "2018-08-27T00:00:00",
    "Category": "cama mesa banho",
    "Quantity": 12,
    "Revenue": 1227.17,
    "OrderCount": 12
  },
  {
    "Year": 2018,
    "WeekNumber": 35,
    "WeekStartDate": "2018-08-27T00:00:00",
    "Category": "cool stuff",
    "Quantity": 3,
    "Revenue": 277.60,
    "OrderCount": 3
  },
  {
    "Year": 2018,
    "WeekNumber": 35,
    "WeekStartDate": "2018-08-27T00:00:00",
    "Category": "esporte lazer",
    "Quantity": 16,
    "Revenue": 1175.48,
    "OrderCount": 16
  },
  {
    "Year": 2018,
    "WeekNumber": 35,
    "WeekStartDate": "2018-08-27T00:00:00",
    "Category": "ferramentas jardim",
    "Quantity": 2,
    "Revenue": 109.60,
    "OrderCount": 2
  },
  {
    "Year": 2018,
    "WeekNumber": 35,
    "WeekStartDate": "2018-08-27T00:00:00",
    "Category": "informatica acessorios",
    "Quantity": 6,
    "Revenue": 455.93,
    "OrderCount": 6
  },
  {
    "Year": 2018,
    "WeekNumber": 35,
    "WeekStartDate": "2018-08-27T00:00:00",
    "Category": "moveis decoracao",
    "Quantity": 2,
    "Revenue": 215.59,
    "OrderCount": 2
  },
  {
    "Year": 2018,
    "WeekNumber": 35,
    "WeekStartDate": "2018-08-27T00:00:00",
    "Category": "relogios presentes",
    "Quantity": 5,
    "Revenue": 464.07,
    "OrderCount": 5
  },
  {
    "Year": 2018,
    "WeekNumber": 35,
    "WeekStartDate": "2018-08-27T00:00:00",
    "Category": "telefonia",
    "Quantity": 3,
    "Revenue": 85.73,
    "OrderCount": 3
  },
  {
    "Year": 2018,
    "WeekNumber": 35,
    "WeekStartDate": "2018-08-27T00:00:00",
    "Category": "utilidades domesticas",
    "Quantity": 21,
    "Revenue": 1620.90,
    "OrderCount": 21
  }
]